<?xml version="1.0" encoding="UTF-8"?>
<!DOCTYPE html PUBLIC "-//W3C//DTD XHTML 1.0 Transitional//EN"
    "http://www.w3.org/TR/xhtml1/DTD/xhtml1-transitional.dtd">
<html xmlns="http://www.w3.org/1999/xhtml" xml:lang="en" lang="en">
 <head>
  <title>
</title>
<meta http-equiv="Content-Type" content="text/html;charset=utf-8" />
  <meta name='ocr-system' content='tesseract 3.04.00' />
  <meta name='ocr-capabilities' content='ocr_page ocr_carea ocr_par ocr_line ocrx_word'/>
</head>
<body>
  <div class='ocr_page' id='page_1' title='image "./praelectionesph00whisgoog/praelectionesph00whisgoog_0029.png"; bbox 0 0 2438 4328; ppageno 0'>
   <div class='ocr_carea' id='block_1_1' title="bbox 110 195 830 306">
    <p class='ocr_par' dir='ltr' id='par_1_1' title="bbox 110 195 830 306">
     <span class='ocr_line' id='line_1_1' title="bbox 110 195 830 306; baseline -0.024 -26"><span class='ocrx_word' id='word_1_1' title='bbox 110 218 153 306; x_wconf 71' lang='lat' dir='ltr'><strong>aa</strong></span> <span class='ocrx_word' id='word_1_2' title='bbox 284 279 314 287; x_wconf 64' lang='grc'><strong>,,</strong></span> <span class='ocrx_word' id='word_1_3' title='bbox 387 195 830 282; x_wconf 61' lang='grc' dir='ltr'><strong>ι’ΜρἱβῖιοΝῑδ·</strong></span> 
     </span>
    </p>
   </div>
   <div class='ocr_carea' id='block_1_2' title="bbox 115 326 1098 831">
    <p class='ocr_par' dir='ltr' id='par_1_2' title="bbox 115 326 1098 831">
     <span class='ocr_line' id='line_1_2' title="bbox 117 326 1098 425; baseline -0.002 -17"><span class='ocrx_word' id='word_1_4' title='bbox 117 342 208 410; x_wconf 71' lang='lat' dir='ltr'><strong>focus</strong></span> <span class='ocrx_word' id='word_1_5' title='bbox 230 336 390 406; x_wconf 74' lang='lat' dir='ltr'><strong>commanis</strong></span> <span class='ocrx_word' id='word_1_6' title='bbox 408 332 554 405; x_wconf 87' lang='lat' dir='ltr'><strong>omnium</strong></span> <span class='ocrx_word' id='word_1_7' title='bbox 585 330 777 409; x_wconf 69' lang='lat' dir='ltr'><strong>sestionum:</strong></span> <span class='ocrx_word' id='word_1_8' title='bbox 807 326 872 424; x_wconf 87' lang='lat' dir='ltr'><strong>[Et</strong></span> <span class='ocrx_word' id='word_1_9' title='bbox 895 327 942 400; x_wconf 90' lang='lat' dir='ltr'><strong>est</strong></span> <span class='ocrx_word' id='word_1_10' title='bbox 962 330 1098 425; x_wconf 85' lang='lat' dir='ltr'><strong>quidem</strong></span> 
     </span>
     <span class='ocr_line' id='line_1_3' title="bbox 118 424 1097 524; baseline -0.003 -19"><span class='ocrx_word' id='word_1_11' title='bbox 118 434 220 505; x_wconf 83' lang='lat' dir='ltr'><strong>Focus</strong></span> <span class='ocrx_word' id='word_1_12' title='bbox 242 429 397 524; x_wconf 81' lang='lat' dir='ltr'><strong>cujusque</strong></span> <span class='ocrx_word' id='word_1_13' title='bbox 420 425 664 523; x_wconf 73' lang='lat' dir='ltr'><strong>sedtionisquafi</strong></span> <span class='ocrx_word' id='word_1_14' title='bbox 681 448 826 500; x_wconf 85' lang='lat' dir='ltr'><strong>centrum</strong></span> <span class='ocrx_word' id='word_1_15' title='bbox 845 424 1010 520; x_wconf 84' lang='lat' dir='ltr'><strong>quoddam</strong></span> <span class='ocrx_word' id='word_1_16' title='bbox 1021 456 1033 511; x_wconf 82' lang='lat'>3</span> <span class='ocrx_word' id='word_1_17' title='bbox 1061 437 1097 502; x_wconf 90' lang='lat'>&amp;</span> 
     </span>
     <span class='ocr_line' id='line_1_4' title="bbox 115 520 1096 625; baseline -0.005 -21"><span class='ocrx_word' id='word_1_18' title='bbox 115 533 167 604; x_wconf 82' lang='lat' dir='ltr'><strong>axi</strong></span> <span class='ocrx_word' id='word_1_19' title='bbox 181 527 353 602; x_wconf 83' lang='lat' dir='ltr'><strong>ordinatim</strong></span> <span class='ocrx_word' id='word_1_20' title='bbox 368 528 519 625; x_wconf 85' lang='lat' dir='ltr'><strong>applicata</strong></span> <span class='ocrx_word' id='word_1_21' title='bbox 531 549 588 623; x_wconf 89' lang='lat' dir='ltr'><strong>per</strong></span> <span class='ocrx_word' id='word_1_22' title='bbox 608 529 732 599; x_wconf 85' lang='lat' dir='ltr'><strong>Focum</strong></span> <span class='ocrx_word' id='word_1_23' title='bbox 750 520 908 604; x_wconf 86' lang='lat' dir='ltr'><strong>transrens‚</strong></span> <span class='ocrx_word' id='word_1_24' title='bbox 921 523 986 597; x_wconf 87' lang='lat' dir='ltr'><strong>five</strong></span> <span class='ocrx_word' id='word_1_25' title='bbox 998 531 1096 599; x_wconf 89' lang='lat' dir='ltr'><strong>Latus</strong></span> 
     </span>
     <span class='ocr_line' id='line_1_5' title="bbox 117 620 1096 728; baseline -0.008 -25"><span class='ocrx_word' id='word_1_26' title='bbox 117 628 263 703; x_wconf 71' lang='lat' dir='ltr'><strong>Redum</strong></span> <span class='ocrx_word' id='word_1_27' title='bbox 283 649 359 701; x_wconf 89' lang='lat' dir='ltr'><strong>cum</strong></span> <span class='ocrx_word' id='word_1_28' title='bbox 377 625 490 700; x_wconf 88' lang='lat' dir='ltr'><strong>circuli</strong></span> <span class='ocrx_word' id='word_1_29' title='bbox 509 620 668 698; x_wconf 86' lang='lat' dir='ltr'><strong>diametro</strong></span> <span class='ocrx_word' id='word_1_30' title='bbox 679 633 734 728; x_wconf 88' lang='lat' dir='ltr'><strong>per</strong></span> <span class='ocrx_word' id='word_1_31' title='bbox 745 620 812 712; x_wconf 86' lang='lat' dir='ltr'><strong>ejus</strong></span> <span class='ocrx_word' id='word_1_32' title='bbox 825 642 969 695; x_wconf 86' lang='lat' dir='ltr'><strong>centrum</strong></span> <span class='ocrx_word' id='word_1_33' title='bbox 982 623 1096 696; x_wconf 87' lang='lat' dir='ltr'><strong>transe-</strong></span> 
     </span>
     <span class='ocr_line' id='line_1_6' title="bbox 115 719 1097 831; baseline -0.006 -31"><span class='ocrx_word' id='word_1_34' title='bbox 115 747 191 800; x_wconf 88' lang='lat' dir='ltr'><strong>unte</strong></span> <span class='ocrx_word' id='word_1_35' title='bbox 206 727 239 795; x_wconf 93' lang='lat' dir='ltr'><strong>in</strong></span> <span class='ocrx_word' id='word_1_36' title='bbox 256 721 412 818; x_wconf 89' lang='lat' dir='ltr'><strong>plerisque</strong></span> <span class='ocrx_word' id='word_1_37' title='bbox 426 722 524 819; x_wconf 82' lang='lat' dir='ltr'><strong>magis</strong></span> <span class='ocrx_word' id='word_1_38' title='bbox 539 721 690 819; x_wconf 85' lang='lat' dir='ltr'><strong>congruit</strong></span> <span class='ocrx_word' id='word_1_39' title='bbox 708 743 806 814; x_wconf 86' lang='lat' dir='ltr'><strong>quam</strong></span> <span class='ocrx_word' id='word_1_40' title='bbox 824 720 889 791; x_wconf 81' lang='lat' dir='ltr'><strong>axis</strong></span> <span class='ocrx_word' id='word_1_41' title='bbox 898 719 964 831; x_wconf 80' lang='lat' dir='ltr'><strong>ipse</strong></span> <span class='ocrx_word' id='word_1_42' title='bbox 984 720 1097 794; x_wconf 71' lang='lat' dir='ltr'><strong>sertio.</strong></span> 
     </span>
    </p>
   </div>
   <div class='ocr_carea' id='block_1_3' title="bbox 16 817 1153 3999">
    <p class='ocr_par' dir='ltr' id='par_1_3' title="bbox 16 817 1153 3999">
     <span class='ocr_line' id='line_1_7' title="bbox 114 817 1096 919; baseline -0.006 -22"><span class='ocrx_word' id='word_1_43' title='bbox 114 822 208 919; x_wconf 73' lang='lat' dir='ltr'><strong>nist]</strong></span> <span class='ocrx_word' id='word_1_44' title='bbox 237 821 287 891; x_wconf 85' lang='lat' dir='ltr'><strong>Sit</strong></span> <span class='ocrx_word' id='word_1_45' title='bbox 298 820 457 893; x_wconf 73' lang='lat' dir='ltr'><strong>Punctum</strong></span> <span class='ocrx_word' id='word_1_46' title='bbox 473 824 504 890; x_wconf 80' lang='lat' dir='ltr'><em>F</em></span> <span class='ocrx_word' id='word_1_47' title='bbox 518 826 629 889; x_wconf 84' lang='lat' dir='ltr'><strong>Vertex</strong></span> <span class='ocrx_word' id='word_1_48' title='bbox 639 817 806 916; x_wconf 71' lang='lat' dir='ltr'><strong>primipalr&#39;s</strong></span> <span class='ocrx_word' id='word_1_49' title='bbox 819 840 964 888; x_wconf 86' lang='lat' dir='ltr'><strong>omnrum</strong></span> <span class='ocrx_word' id='word_1_50' title='bbox 983 817 1096 891; x_wconf 70' lang='grc' dir='ltr'><strong>[εᾶἰο-</strong></span> 
     </span>
     <span class='ocr_line' id='line_1_8' title="bbox 114 911 1095 1013; baseline -0.004 -22"><span class='ocrx_word' id='word_1_51' title='bbox 114 945 212 993; x_wconf 85' lang='lat' dir='ltr'><strong>num:</strong></span> <span class='ocrx_word' id='word_1_52' title='bbox 241 918 353 1012; x_wconf 85' lang='lat' dir='ltr'><strong>Sitque</strong></span> <span class='ocrx_word' id='word_1_53' title='bbox 381 921 509 987; x_wconf 77' lang='lat' dir='ltr'><em>FXBY</em></span> <span class='ocrx_word' id='word_1_54' title='bbox 526 914 690 994; x_wconf 84' lang='lat' dir='ltr'><strong>Circulus,</strong></span> <span class='ocrx_word' id='word_1_55' title='bbox 716 911 808 1004; x_wconf 85' lang='lat' dir='ltr'><strong>cujus</strong></span> <span class='ocrx_word' id='word_1_56' title='bbox 832 911 959 1012; x_wconf 80' lang='lat' dir='ltr'><strong>figurae,</strong></span> <span class='ocrx_word' id='word_1_57' title='bbox 984 938 1095 1013; x_wconf 88' lang='lat' dir='ltr'><strong>utpote</strong></span> 
     </span>
     <span class='ocr_line' id='line_1_9' title="bbox 114 1007 1096 1113; baseline -0.005 -22"><span class='ocrx_word' id='word_1_58' title='bbox 114 1011 287 1113; x_wconf 84' lang='lat' dir='ltr'><strong>Ellipfitun</strong></span> <span class='ocrx_word' id='word_1_59' title='bbox 306 1033 457 1086; x_wconf 84' lang='lat' dir='ltr'><strong>extremae</strong></span> <span class='ocrx_word' id='word_1_60' title='bbox 480 1033 624 1086; x_wconf 86' lang='lat' dir='ltr'><strong>centrum</strong></span> <span class='ocrx_word' id='word_1_61' title='bbox 644 1036 722 1082; x_wconf 90' lang='lat' dir='ltr'><strong>cum</strong></span> <span class='ocrx_word' id='word_1_62' title='bbox 744 1007 827 1081; x_wconf 86' lang='lat' dir='ltr'><strong>focis</strong></span> <span class='ocrx_word' id='word_1_63' title='bbox 846 1010 1009 1084; x_wconf 83' lang='lat' dir='ltr'><strong>coalescit:</strong></span> <span class='ocrx_word' id='word_1_64' title='bbox 1036 1017 1096 1086; x_wconf 90' lang='lat' dir='ltr'><strong>erit</strong></span> 
     </span>
     <span class='ocr_line' id='line_1_10' title="bbox 115 1106 1096 1208; baseline -0.003 -24"><span class='ocrx_word' id='word_1_65' title='bbox 115 1117 152 1184; x_wconf 79' lang='lat' dir='ltr'><em>X</em></span> <span class='ocrx_word' id='word_1_66' title='bbox 152 1121 180 1186; x_wconf 89' lang='lat' dir='ltr'><em>Y</em></span> <span class='ocrx_word' id='word_1_67' title='bbox 204 1115 303 1186; x_wconf 81' lang='lat' dir='ltr'><strong>Latus</strong></span> <span class='ocrx_word' id='word_1_68' title='bbox 329 1108 523 1191; x_wconf 64' lang='lat' dir='ltr'><strong>rectumst</strong></span> <span class='ocrx_word' id='word_1_69' title='bbox 554 1112 597 1182; x_wconf 85' lang='lat' dir='ltr'><strong>ita</strong></span> <span class='ocrx_word' id='word_1_70' title='bbox 625 1109 718 1201; x_wconf 92' lang='lat' dir='ltr'><strong>loqui</strong></span> <span class='ocrx_word' id='word_1_71' title='bbox 734 1106 844 1188; x_wconf 85' lang='lat' dir='ltr'><strong>liceat,</strong></span> <span class='ocrx_word' id='word_1_72' title='bbox 882 1110 1013 1189; x_wconf 85' lang='lat' dir='ltr'><strong>circuli,</strong></span> <span class='ocrx_word' id='word_1_73' title='bbox 1039 1135 1096 1208; x_wconf 91' lang='lat' dir='ltr'><strong>per</strong></span> 
     </span>
     <span class='ocr_line' id='line_1_11' title="bbox 115 1200 1096 1301; baseline -0.001 -19"><span class='ocrx_word' id='word_1_74' title='bbox 115 1233 320 1283; x_wconf 86' lang='lat' dir='ltr'><strong>communem</strong></span> <span class='ocrx_word' id='word_1_75' title='bbox 349 1205 461 1280; x_wconf 90' lang='lat' dir='ltr'><strong>focum</strong></span> <span class='ocrx_word' id='word_1_76' title='bbox 482 1209 536 1280; x_wconf 93' lang='lat' dir='ltr'><strong>vel</strong></span> <span class='ocrx_word' id='word_1_77' title='bbox 556 1226 700 1279; x_wconf 86' lang='lat' dir='ltr'><strong>centrum</strong></span> <span class='ocrx_word' id='word_1_78' title='bbox 718 1200 881 1284; x_wconf 79' lang='lat' dir='ltr'><strong>transiens,</strong></span> <span class='ocrx_word' id='word_1_79' title='bbox 913 1209 1096 1301; x_wconf 82' lang='lat' dir='ltr'><strong>&amp;reliquis</strong></span> 
     </span>
     <span class='ocr_line' id='line_1_12' title="bbox 113 1297 1095 1398; baseline -0.001 -19"><span class='ocrx_word' id='word_1_80' title='bbox 113 1307 274 1384; x_wconf 79' lang='lat' dir='ltr'><strong>diunetris</strong></span> <span class='ocrx_word' id='word_1_81' title='bbox 293 1306 432 1398; x_wconf 79' lang='lat' dir='ltr'><strong>aequale:</strong></span> <span class='ocrx_word' id='word_1_82' title='bbox 461 1306 510 1376; x_wconf 84' lang='lat' dir='ltr'><strong>Sit</strong></span> <span class='ocrx_word' id='word_1_83' title='bbox 530 1308 661 1375; x_wconf 68' lang='grc' dir='ltr'><strong>ΜΗ]</strong></span> <span class='ocrx_word' id='word_1_84' title='bbox 682 1297 808 1398; x_wconf 85' lang='lat' dir='ltr'><strong>Ellipfis</strong></span> <span class='ocrx_word' id='word_1_85' title='bbox 828 1304 932 1374; x_wconf 86' lang='lat' dir='ltr'><strong>minus</strong></span> <span class='ocrx_word' id='word_1_86' title='bbox 944 1327 1043 1376; x_wconf 90' lang='lat' dir='ltr'><strong>curva</strong></span> <span class='ocrx_word' id='word_1_87' title='bbox 1055 1304 1095 1378; x_wconf 91' lang='lat' dir='ltr'><strong>ad</strong></span> 
     </span>
     <span class='ocr_line' id='line_1_13' title="bbox 113 1398 1092 1494; baseline -0.003 -17"><span class='ocrx_word' id='word_1_88' title='bbox 113 1405 271 1478; x_wconf 90' lang='lat' dir='ltr'><strong>verticem</strong></span> <span class='ocrx_word' id='word_1_89' title='bbox 287 1407 318 1470; x_wconf 84' lang='lat' dir='ltr'><em>F</em></span> <span class='ocrx_word' id='word_1_90' title='bbox 330 1425 427 1494; x_wconf 89' lang='lat' dir='ltr'><strong>quam</strong></span> <span class='ocrx_word' id='word_1_91' title='bbox 444 1403 595 1481; x_wconf 88' lang='lat' dir='ltr'><strong>circulus,</strong></span> <span class='ocrx_word' id='word_1_92' title='bbox 620 1399 711 1491; x_wconf 86' lang='lat' dir='ltr'><strong>cujus</strong></span> <span class='ocrx_word' id='word_1_93' title='bbox 718 1398 812 1470; x_wconf 85' lang='lat' dir='ltr'><strong>focus</strong></span> <span class='ocrx_word' id='word_1_94' title='bbox 827 1401 981 1471; x_wconf 90' lang='lat' dir='ltr'><strong>remotior</strong></span> <span class='ocrx_word' id='word_1_95' title='bbox 991 1399 1037 1472; x_wconf 87' lang='lat' dir='ltr'><strong>est</strong></span> <span class='ocrx_word' id='word_1_96' title='bbox 1051 1410 1079 1473; x_wconf 86' lang='lat' dir='ltr'><em>C</em></span> <span class='ocrx_word' id='word_1_97' title='bbox 1083 1433 1092 1474; x_wconf 77' lang='grc' dir='ltr'><strong><em>ε</em></strong></span> 
     </span>
     <span class='ocr_line' id='line_1_14' title="bbox 113 1495 1095 1596; baseline -0.003 -22"><span class='ocrx_word' id='word_1_98' title='bbox 113 1502 281 1575; x_wconf 86' lang='lat' dir='ltr'><strong>Diameter</strong></span> <span class='ocrx_word' id='word_1_99' title='bbox 298 1499 480 1596; x_wconf 80' lang='lat' dir='ltr'><strong>Principalis</strong></span> <span class='ocrx_word' id='word_1_100' title='bbox 492 1496 559 1571; x_wconf 87' lang='lat' dir='ltr'><strong>five</strong></span> <span class='ocrx_word' id='word_1_101' title='bbox 577 1500 659 1569; x_wconf 83' lang='lat' dir='ltr'><strong>Axis</strong></span> <span class='ocrx_word' id='word_1_102' title='bbox 670 1495 771 1586; x_wconf 80' lang='lat' dir='ltr'><strong>major</strong></span> <span class='ocrx_word' id='word_1_103' title='bbox 786 1500 874 1568; x_wconf 77' lang='lat' dir='ltr'><strong>FH:</strong></span> <span class='ocrx_word' id='word_1_104' title='bbox 900 1499 982 1568; x_wconf 78' lang='lat' dir='ltr'>Axis</span> <span class='ocrx_word' id='word_1_105' title='bbox 990 1500 1095 1571; x_wconf 89' lang='lat' dir='ltr'><strong>minor</strong></span> 
     </span>
     <span class='ocr_line' id='line_1_15' title="bbox 114 1592 1094 1693; baseline 0 -25"><span class='ocrx_word' id='word_1_106' title='bbox 114 1603 193 1669; x_wconf 81' lang='lat'><strong>61.-</strong></span> <span class='ocrx_word' id='word_1_107' title='bbox 219 1600 316 1673; x_wconf 84' lang='lat' dir='ltr'><strong>Latus</strong></span> <span class='ocrx_word' id='word_1_108' title='bbox 334 1597 457 1670; x_wconf 67' lang='lat' dir='ltr'><strong>redum</strong></span> <span class='ocrx_word' id='word_1_109' title='bbox 485 1596 653 1693; x_wconf 84' lang='lat' dir='ltr'><strong>principale</strong></span> <span class='ocrx_word' id='word_1_110' title='bbox 673 1621 691 1675; x_wconf 73' lang='grc' dir='ltr'><strong>ι,</strong></span> <span class='ocrx_word' id='word_1_111' title='bbox 694 1599 723 1688; x_wconf 84' lang='lat' dir='ltr'><em>f</em></span> <span class='ocrx_word' id='word_1_112' title='bbox 726 1620 737 1676; x_wconf 83' lang='lat'>3</span> <span class='ocrx_word' id='word_1_113' title='bbox 770 1593 922 1664; x_wconf 90' lang='lat' dir='ltr'><strong>nimirum</strong></span> <span class='ocrx_word' id='word_1_114' title='bbox 938 1592 1094 1668; x_wconf 83' lang='lat' dir='ltr'><strong>distantiae</strong></span> 
     </span>
     <span class='ocr_line' id='line_1_16' title="bbox 115 1687 1088 1787; baseline -0.001 -20"><span class='ocrx_word' id='word_1_115' title='bbox 115 1696 246 1769; x_wconf 86' lang='lat' dir='ltr'><strong>verticis</strong></span> <span class='ocrx_word' id='word_1_116' title='bbox 271 1698 302 1761; x_wconf 84' lang='lat' dir='ltr'><em>F</em></span> <span class='ocrx_word' id='word_1_117' title='bbox 321 1690 439 1781; x_wconf 81' lang='lat' dir='ltr'><strong>abillo</strong></span> <span class='ocrx_word' id='word_1_118' title='bbox 460 1690 538 1763; x_wconf 87' lang='lat' dir='ltr'><strong>foco</strong></span> <span class='ocrx_word' id='word_1_119' title='bbox 558 1697 629 1760; x_wconf 81' lang='lat' dir='ltr'><strong>AF</strong></span> <span class='ocrx_word' id='word_1_120' title='bbox 653 1691 818 1787; x_wconf 88' lang='lat' dir='ltr'><strong>plusquam</strong></span> <span class='ocrx_word' id='word_1_121' title='bbox 846 1687 1005 1787; x_wconf 91' lang='lat' dir='ltr'><strong>duplum,</strong></span> <span class='ocrx_word' id='word_1_122' title='bbox 1031 1719 1088 1765; x_wconf 90' lang='lat' dir='ltr'><strong>nec</strong></span> 
     </span>
     <span class='ocr_line' id='line_1_17' title="bbox 112 1785 1093 1885; baseline -0.001 -22"><span class='ocrx_word' id='word_1_123' title='bbox 112 1812 218 1865; x_wconf 81' lang='lat' dir='ltr'><strong>tamen</strong></span> <span class='ocrx_word' id='word_1_124' title='bbox 233 1787 467 1885; x_wconf 76' lang='lat' dir='ltr'><strong>quadruplumt</strong></span> <span class='ocrx_word' id='word_1_125' title='bbox 495 1785 685 1861; x_wconf 86' lang='lat' dir='ltr'><strong>Notandum</strong></span> <span class='ocrx_word' id='word_1_126' title='bbox 704 1809 809 1859; x_wconf 86' lang='lat' dir='ltr'><strong>autem</strong></span> <span class='ocrx_word' id='word_1_127' title='bbox 828 1789 918 1859; x_wconf 89' lang='lat' dir='ltr'><strong>aliam</strong></span> <span class='ocrx_word' id='word_1_128' title='bbox 929 1792 1025 1862; x_wconf 82' lang='lat' dir='ltr'><strong>etiam</strong></span> <span class='ocrx_word' id='word_1_129' title='bbox 1034 1793 1093 1862; x_wconf 88' lang='lat' dir='ltr'><strong>El-</strong></span> 
     </span>
     <span class='ocr_line' id='line_1_18' title="bbox 110 1881 1094 2053; baseline -0.001 -92"><span class='ocrx_word' id='word_1_130' title='bbox 110 1884 203 1985; x_wconf 84' lang='lat' dir='ltr'><strong>lipsin</strong></span> <span class='ocrx_word' id='word_1_131' title='bbox 224 1888 345 1959; x_wconf 89' lang='lat' dir='ltr'><strong>circulo</strong></span> <span class='ocrx_word' id='word_1_132' title='bbox 364 1889 396 1961; x_wconf 89' lang='lat' dir='ltr'><strong>in</strong></span> <span class='ocrx_word' id='word_1_133' title='bbox 419 1893 450 1955; x_wconf 80' lang='lat' dir='ltr'><em>F</em></span> <span class='ocrx_word' id='word_1_134' title='bbox 469 1888 567 2053; x_wconf 64' lang='lat' dir='ltr'><strong>mpgis</strong></span> <span class='ocrx_word' id='word_1_135' title='bbox 584 1909 715 1958; x_wconf 74' lang='lat' dir='ltr'><strong>curvam</strong></span> <span class='ocrx_word' id='word_1_136' title='bbox 727 1885 804 1954; x_wconf 90' lang='lat' dir='ltr'><strong>oriri</strong></span> <span class='ocrx_word' id='word_1_137' title='bbox 815 1881 919 1981; x_wconf 83' lang='lat' dir='ltr'><strong>posse3</strong></span> <span class='ocrx_word' id='word_1_138' title='bbox 947 1886 998 1959; x_wconf 93' lang='lat' dir='ltr'><strong>sed</strong></span> <span class='ocrx_word' id='word_1_139' title='bbox 1011 1890 1094 1961; x_wconf 85' lang='lat' dir='ltr'><strong>circa</strong></span> 
     </span>
     <span class='ocr_line' id='line_1_19' title="bbox 110 1980 1092 2081; baseline 0.003 -26"><span class='ocrx_word' id='word_1_140' title='bbox 110 1986 267 2081; x_wconf 71' lang='lat' dir='ltr'><strong>punstum</strong></span> <span class='ocrx_word' id='word_1_141' title='bbox 281 1988 321 2050; x_wconf 93' lang='lat' dir='ltr'><em>A</em></span> <span class='ocrx_word' id='word_1_142' title='bbox 340 2006 488 2076; x_wconf 87' lang='lat' dir='ltr'><strong>tanquam</strong></span> <span class='ocrx_word' id='word_1_143' title='bbox 519 2007 653 2054; x_wconf 91' lang='lat' dir='ltr'><strong>ocorum</strong></span> <span class='ocrx_word' id='word_1_144' title='bbox 670 1982 875 2054; x_wconf 87' lang='lat' dir='ltr'><strong>remotiorem</strong></span> <span class='ocrx_word' id='word_1_145' title='bbox 893 1980 1092 2081; x_wconf 69' lang='lat' dir='ltr'><strong>descriptam·</strong></span> 
     </span>
     <span class='ocr_line' id='line_1_20' title="bbox 113 2075 1095 2175; baseline 0.004 -25"><span class='ocrx_word' id='word_1_146' title='bbox 113 2077 189 2158; x_wconf 88' lang='lat' dir='ltr'><strong>Post</strong></span> <span class='ocrx_word' id='word_1_147' title='bbox 207 2075 341 2175; x_wconf 88' lang='lat' dir='ltr'><strong>Ellipsm</strong></span> <span class='ocrx_word' id='word_1_148' title='bbox 355 2101 461 2151; x_wconf 90' lang='lat' dir='ltr'><strong>autem</strong></span> <span class='ocrx_word' id='word_1_149' title='bbox 473 2078 623 2168; x_wconf 86' lang='lat' dir='ltr'><strong>majorem</strong></span> <span class='ocrx_word' id='word_1_150' title='bbox 640 2077 807 2174; x_wconf 71' lang='lat' dir='ltr'><strong>Ellipseun</strong></span> <span class='ocrx_word' id='word_1_151' title='bbox 825 2100 934 2151; x_wconf 88' lang='lat' dir='ltr'><strong>centro</strong></span> <span class='ocrx_word' id='word_1_152' title='bbox 945 2081 976 2152; x_wconf 91' lang='lat' dir='ltr'><strong>in</strong></span> <span class='ocrx_word' id='word_1_153' title='bbox 989 2081 1095 2154; x_wconf 88' lang='lat' dir='ltr'><strong>infini-</strong></span> 
     </span>
     <span class='ocr_line' id='line_1_21' title="bbox 94 2175 1093 2269; baseline 0.005 -24"><span class='ocrx_word' id='word_1_154' title='bbox 94 2239 98 2245; x_wconf 87' lang='lat'>.</span> <span class='ocrx_word' id='word_1_155' title='bbox 112 2192 184 2250; x_wconf 85' lang='lat' dir='ltr'><strong>tum</strong></span> <span class='ocrx_word' id='word_1_156' title='bbox 194 2176 339 2256; x_wconf 85' lang='lat' dir='ltr'><strong>abeunte,</strong></span> <span class='ocrx_word' id='word_1_157' title='bbox 353 2179 458 2250; x_wconf 91' lang='lat' dir='ltr'><strong>oritur</strong></span> <span class='ocrx_word' id='word_1_158' title='bbox 472 2177 569 2248; x_wconf 72' lang='lat' dir='ltr'><strong>sedtio</strong></span> <span class='ocrx_word' id='word_1_159' title='bbox 582 2179 692 2249; x_wconf 85' lang='lat' dir='ltr'><strong>conica</strong></span> <span class='ocrx_word' id='word_1_160' title='bbox 704 2175 865 2257; x_wconf 84' lang='lat' dir='ltr'><strong>LchK,</strong></span> <span class='ocrx_word' id='word_1_161' title='bbox 889 2202 986 2269; x_wconf 92' lang='lat' dir='ltr'><strong>quam</strong></span> <span class='ocrx_word' id='word_1_162' title='bbox 993 2185 1093 2250; x_wconf 89' lang='lat' dir='ltr'><strong>Para-</strong></span> 
     </span>
     <span class='ocr_line' id='line_1_22' title="bbox 106 2270 1093 2375; baseline -0.002 -26"><span class='ocrx_word' id='word_1_163' title='bbox 106 2273 209 2349; x_wconf 79' lang='lat' dir='ltr'><strong>bolam</strong></span> <span class='ocrx_word' id='word_1_164' title='bbox 236 2270 396 2357; x_wconf 82' lang='lat' dir='ltr'><strong>dicimus3</strong></span> <span class='ocrx_word' id='word_1_165' title='bbox 422 2298 496 2369; x_wconf 82' lang='lat' dir='ltr'><strong>quae</strong></span> <span class='ocrx_word' id='word_1_166' title='bbox 515 2271 562 2346; x_wconf 91' lang='lat' dir='ltr'><strong>est</strong></span> <span class='ocrx_word' id='word_1_167' title='bbox 583 2273 650 2346; x_wconf 88' lang='lat' dir='ltr'><strong>sane</strong></span> <span class='ocrx_word' id='word_1_168' title='bbox 671 2270 825 2370; x_wconf 83' lang='lat' dir='ltr'><strong>Ellipseus</strong></span> <span class='ocrx_word' id='word_1_169' title='bbox 849 2273 1093 2375; x_wconf 42' lang='lat' dir='ltr'><strong>infiniteslongae</strong></span> 
     </span>
     <span class='ocr_line' id='line_1_23' title="bbox 16 2367 1153 2462; baseline 0 -18"><span class='ocrx_word' id='word_1_170' title='bbox 16 2439 24 2453; x_wconf 80' lang='grc'><strong><em>,</em></strong></span> <span class='ocrx_word' id='word_1_171' title='bbox 111 2367 309 2455; x_wconf 80' lang='lat' dir='ltr'><strong>dimidium3</strong></span> <span class='ocrx_word' id='word_1_172' title='bbox 339 2371 429 2462; x_wconf 87' lang='lat' dir='ltr'><strong>cujus</strong></span> <span class='ocrx_word' id='word_1_173' title='bbox 441 2372 507 2444; x_wconf 84' lang='lat' dir='ltr'><strong>axis</strong></span> <span class='ocrx_word' id='word_1_174' title='bbox 527 2368 573 2443; x_wconf 91' lang='lat' dir='ltr'><strong>est</strong></span> <span class='ocrx_word' id='word_1_175' title='bbox 587 2370 728 2443; x_wconf 85' lang='lat' dir='ltr'><strong>infinitus</strong></span> <span class='ocrx_word' id='word_1_176' title='bbox 745 2375 777 2437; x_wconf 85' lang='lat' dir='ltr'><em>F</em></span> <span class='ocrx_word' id='word_1_177' title='bbox 783 2375 831 2450; x_wconf 85' lang='lat' dir='ltr'><strong>H,</strong></span> <span class='ocrx_word' id='word_1_178' title='bbox 856 2378 890 2442; x_wconf 89' lang='lat'>&amp;</span> <span class='ocrx_word' id='word_1_179' title='bbox 904 2376 1002 2444; x_wconf 86' lang='lat' dir='ltr'><strong>Latus</strong></span> <span class='ocrx_word' id='word_1_180' title='bbox 1023 2377 1094 2446; x_wconf 87' lang='lat' dir='ltr'><strong>Re·</strong></span> <span class='ocrx_word' id='word_1_181' title='bbox 1149 2427 1153 2434; x_wconf 84' lang='lat'>.</span> 
     </span>
     <span class='ocr_line' id='line_1_24' title="bbox 70 2465 1098 2567; baseline -0.001 -28"><span class='ocrx_word' id='word_1_182' title='bbox 70 2559 72 2564; x_wconf 67' lang='lat'>,</span> <span class='ocrx_word' id='word_1_183' title='bbox 112 2466 201 2539; x_wconf 71' lang='lat' dir='ltr'><strong>&amp;um</strong></span> <span class='ocrx_word' id='word_1_184' title='bbox 221 2469 393 2567; x_wconf 88' lang='lat' dir='ltr'><strong>Principale</strong></span> <span class='ocrx_word' id='word_1_185' title='bbox 411 2470 457 2540; x_wconf 81' lang='lat' dir='ltr'><strong>cd</strong></span> <span class='ocrx_word' id='word_1_186' title='bbox 482 2465 529 2540; x_wconf 92' lang='lat' dir='ltr'><strong>est</strong></span> <span class='ocrx_word' id='word_1_187' title='bbox 549 2466 703 2540; x_wconf 84' lang='lat' dir='ltr'><strong>distantiae</strong></span> <span class='ocrx_word' id='word_1_188' title='bbox 729 2468 857 2540; x_wconf 86' lang='lat' dir='ltr'><strong>verticis</strong></span> <span class='ocrx_word' id='word_1_189' title='bbox 886 2495 903 2540; x_wconf 91' lang='lat' dir='ltr'><strong>a</strong></span> <span class='ocrx_word' id='word_1_190' title='bbox 926 2468 1004 2540; x_wconf 86' lang='lat' dir='ltr'><strong>foco</strong></span> <span class='ocrx_word' id='word_1_191' title='bbox 1027 2476 1098 2538; x_wconf 86' lang='lat' dir='ltr'><strong>AF</strong></span> 
     </span>
     <span class='ocr_line' id='line_1_25' title="bbox 111 2559 1097 2662; baseline -0.002 -26"><span class='ocrx_word' id='word_1_192' title='bbox 111 2559 338 2662; x_wconf 82' lang='lat' dir='ltr'><strong>quadruplum.</strong></span> <span class='ocrx_word' id='word_1_193' title='bbox 388 2565 497 2658; x_wconf 86' lang='lat' dir='ltr'><strong>Hujus</strong></span> <span class='ocrx_word' id='word_1_194' title='bbox 514 2565 671 2637; x_wconf 85' lang='lat' dir='ltr'><strong>Parabolae</strong></span> <span class='ocrx_word' id='word_1_195' title='bbox 691 2587 859 2636; x_wconf 88' lang='lat' dir='ltr'><strong>curvatura</strong></span> <span class='ocrx_word' id='word_1_196' title='bbox 879 2567 911 2636; x_wconf 90' lang='lat' dir='ltr'><strong>in</strong></span> <span class='ocrx_word' id='word_1_197' title='bbox 929 2566 1048 2635; x_wconf 90' lang='lat' dir='ltr'><strong>vertice</strong></span> <span class='ocrx_word' id='word_1_198' title='bbox 1065 2571 1097 2634; x_wconf 85' lang='lat' dir='ltr'><em>F</em></span> 
     </span>
     <span class='ocr_line' id='line_1_26' title="bbox 111 2657 1092 2759; baseline -0.001 -25"><span class='ocrx_word' id='word_1_199' title='bbox 111 2657 159 2757; x_wconf 85' lang='lat' dir='ltr'><strong>est</strong></span> <span class='ocrx_word' id='word_1_200' title='bbox 171 2658 277 2735; x_wconf 90' lang='lat' dir='ltr'><strong>adhuc</strong></span> <span class='ocrx_word' id='word_1_201' title='bbox 291 2663 396 2734; x_wconf 91' lang='lat' dir='ltr'><strong>minor</strong></span> <span class='ocrx_word' id='word_1_202' title='bbox 411 2687 508 2756; x_wconf 88' lang='lat' dir='ltr'><strong>quam</strong></span> <span class='ocrx_word' id='word_1_203' title='bbox 520 2684 556 2733; x_wconf 88' lang='lat' dir='ltr'><strong>ea</strong></span> <span class='ocrx_word' id='word_1_204' title='bbox 573 2660 740 2759; x_wconf 82' lang='lat' dir='ltr'><strong>Ellipseus.</strong></span> <span class='ocrx_word' id='word_1_205' title='bbox 790 2663 941 2753; x_wconf 87' lang='lat' dir='ltr'><strong>Sequitur</strong></span> <span class='ocrx_word' id='word_1_206' title='bbox 961 2659 1092 2733; x_wconf 92' lang='lat' dir='ltr'><strong>demum</strong></span> 
     </span>
     <span class='ocr_line' id='line_1_27' title="bbox 114 2755 1094 2858; baseline -0.002 -26"><span class='ocrx_word' id='word_1_207' title='bbox 114 2760 306 2856; x_wconf 83' lang='lat' dir='ltr'><strong>Hyperbola</strong></span> <span class='ocrx_word' id='word_1_208' title='bbox 321 2761 486 2837; x_wconf 81' lang='lat' dir='ltr'><strong>MiFlN</strong></span> <span class='ocrx_word' id='word_1_209' title='bbox 500 2758 606 2851; x_wconf 83' lang='lat' dir='ltr'><strong>Cujus</strong></span> <span class='ocrx_word' id='word_1_210' title='bbox 627 2778 808 2858; x_wconf 85' lang='lat' dir='ltr'><strong>parameter,</strong></span> <span class='ocrx_word' id='word_1_211' title='bbox 836 2755 900 2830; x_wconf 89' lang='lat' dir='ltr'><strong>srve</strong></span> <span class='ocrx_word' id='word_1_212' title='bbox 926 2760 1023 2830; x_wconf 82' lang='lat' dir='ltr'><strong>Latus</strong></span> <span class='ocrx_word' id='word_1_213' title='bbox 1042 2784 1094 2830; x_wconf 92' lang='lat' dir='ltr'><strong>re-</strong></span> 
     </span>
     <span class='ocr_line' id='line_1_28' title="bbox 113 2854 1094 2954; baseline 0.002 -27"><span class='ocrx_word' id='word_1_214' title='bbox 113 2856 204 2930; x_wconf 69' lang='lat' dir='ltr'><strong>&amp;um</strong></span> <span class='ocrx_word' id='word_1_215' title='bbox 221 2858 389 2954; x_wconf 87' lang='lat' dir='ltr'><strong>principale</strong></span> <span class='ocrx_word' id='word_1_216' title='bbox 413 2860 451 2937; x_wconf 79' lang='lat' dir='ltr'><strong>il,</strong></span> <span class='ocrx_word' id='word_1_217' title='bbox 476 2854 630 2928; x_wconf 75' lang='lat' dir='ltr'><strong>distantia</strong></span> <span class='ocrx_word' id='word_1_218' title='bbox 649 2856 775 2926; x_wconf 86' lang='lat' dir='ltr'><strong>verticis</strong></span> <span class='ocrx_word' id='word_1_219' title='bbox 793 2883 810 2927; x_wconf 89' lang='lat' dir='ltr'><strong>a</strong></span> <span class='ocrx_word' id='word_1_220' title='bbox 827 2855 904 2927; x_wconf 87' lang='lat' dir='ltr'><strong>foco</strong></span> <span class='ocrx_word' id='word_1_221' title='bbox 926 2860 996 2924; x_wconf 87' lang='lat' dir='ltr'><strong>AF</strong></span> <span class='ocrx_word' id='word_1_222' title='bbox 1009 2855 1094 2952; x_wconf 88' lang='lat' dir='ltr'><strong>plus-</strong></span> 
     </span>
     <span class='ocr_line' id='line_1_29' title="bbox 113 2951 1093 3050; baseline -0.001 -25"><span class='ocrx_word' id='word_1_223' title='bbox 113 2970 212 3045; x_wconf 88' lang='lat' dir='ltr'><strong>quam</strong></span> <span class='ocrx_word' id='word_1_224' title='bbox 234 2951 467 3050; x_wconf 83' lang='lat' dir='ltr'><strong>quadruplum:</strong></span> <span class='ocrx_word' id='word_1_225' title='bbox 503 2951 607 3043; x_wconf 79' lang='lat' dir='ltr'><strong>Cujus</strong></span> <span class='ocrx_word' id='word_1_226' title='bbox 631 2953 800 3025; x_wconf 83' lang='lat' dir='ltr'><strong>curvatura</strong></span> <span class='ocrx_word' id='word_1_227' title='bbox 816 2954 846 3024; x_wconf 94' lang='lat' dir='ltr'><strong>in</strong></span> <span class='ocrx_word' id='word_1_228' title='bbox 866 2953 987 3025; x_wconf 91' lang='lat' dir='ltr'><strong>vertice</strong></span> <span class='ocrx_word' id='word_1_229' title='bbox 1004 2959 1035 3023; x_wconf 84' lang='lat' dir='ltr'><em>F</em></span> <span class='ocrx_word' id='word_1_230' title='bbox 1047 2952 1093 3024; x_wconf 89' lang='lat' dir='ltr'><strong>est</strong></span> 
     </span>
     <span class='ocr_line' id='line_1_30' title="bbox 113 3048 1092 3144; baseline 0.002 -24"><span class='ocrx_word' id='word_1_231' title='bbox 113 3048 219 3120; x_wconf 86' lang='lat' dir='ltr'><strong>adhuc</strong></span> <span class='ocrx_word' id='word_1_232' title='bbox 235 3052 339 3121; x_wconf 91' lang='lat' dir='ltr'><strong>minor</strong></span> <span class='ocrx_word' id='word_1_233' title='bbox 355 3074 453 3142; x_wconf 90' lang='lat' dir='ltr'><strong>quam</strong></span> <span class='ocrx_word' id='word_1_234' title='bbox 471 3048 518 3121; x_wconf 90' lang='lat' dir='ltr'><strong>est</strong></span> <span class='ocrx_word' id='word_1_235' title='bbox 533 3075 567 3120; x_wconf 88' lang='lat' dir='ltr'><strong>ea</strong></span> <span class='ocrx_word' id='word_1_236' title='bbox 588 3048 762 3121; x_wconf 74' lang='lat' dir='ltr'><strong>Parabolaet</strong></span> <span class='ocrx_word' id='word_1_237' title='bbox 791 3055 825 3120; x_wconf 92' lang='lat'>&amp;</span> <span class='ocrx_word' id='word_1_238' title='bbox 849 3075 923 3144; x_wconf 86' lang='lat' dir='ltr'><strong>quae</strong></span> <span class='ocrx_word' id='word_1_239' title='bbox 945 3049 1040 3124; x_wconf 60' lang='lat' dir='ltr'><strong>audo</strong></span> <span class='ocrx_word' id='word_1_240' title='bbox 1060 3052 1092 3122; x_wconf 90' lang='lat' dir='ltr'><strong>in</strong></span> 
     </span>
     <span class='ocr_line' id='line_1_31' title="bbox 113 3143 1092 3246; baseline -0.002 -26"><span class='ocrx_word' id='word_1_241' title='bbox 113 3143 275 3241; x_wconf 78' lang='lat' dir='ltr'><strong>infinitum</strong></span> <span class='ocrx_word' id='word_1_242' title='bbox 291 3148 407 3244; x_wconf 82' lang='lat' dir='ltr'><strong>angulo</strong></span> <span class='ocrx_word' id='word_1_243' title='bbox 423 3151 460 3216; x_wconf 87' lang='lat' dir='ltr'><em>T</em></span> <span class='ocrx_word' id='word_1_244' title='bbox 461 3154 535 3220; x_wconf 86' lang='lat' dir='ltr'><strong>EV</strong></span> <span class='ocrx_word' id='word_1_245' title='bbox 543 3147 582 3217; x_wconf 90' lang='lat' dir='ltr'><strong>ab</strong></span> <span class='ocrx_word' id='word_1_246' title='bbox 604 3145 788 3243; x_wconf 86' lang='lat' dir='ltr'><strong>asymptotis</strong></span> <span class='ocrx_word' id='word_1_247' title='bbox 802 3145 1037 3246; x_wconf 87' lang='lat' dir='ltr'><strong>comprehenso,</strong></span> <span class='ocrx_word' id='word_1_248' title='bbox 1058 3154 1092 3219; x_wconf 87' lang='lat'>&amp;</span> 
     </span>
     <span class='ocr_line' id='line_1_32' title="bbox 112 3240 1092 3341; baseline 0.002 -25"><span class='ocrx_word' id='word_1_249' title='bbox 112 3244 300 3341; x_wconf 88' lang='lat' dir='ltr'><strong>asymptotis</strong></span> <span class='ocrx_word' id='word_1_250' title='bbox 312 3245 343 3315; x_wconf 93' lang='lat' dir='ltr'><strong>in</strong></span> <span class='ocrx_word' id='word_1_251' title='bbox 357 3245 573 3316; x_wconf 75' lang='lat' dir='ltr'><strong>unam&#39;redlam</strong></span> <span class='ocrx_word' id='word_1_252' title='bbox 586 3247 648 3313; x_wconf 88' lang='grc' dir='ltr'><strong>ΟΡ</strong></span> <span class='ocrx_word' id='word_1_253' title='bbox 659 3240 921 3328; x_wconf 85' lang='lat' dir='ltr'><strong>desinentibus‚in</strong></span> <span class='ocrx_word' id='word_1_254' title='bbox 930 3244 1092 3318; x_wconf 89' lang='lat' dir='ltr'><strong>infinitum</strong></span> 
     </span>
     <span class='ocr_line' id='line_1_33' title="bbox 112 3338 1092 3441; baseline -0.003 -28"><span class='ocrx_word' id='word_1_255' title='bbox 112 3343 288 3421; x_wconf 87' lang='lat' dir='ltr'><strong>minuetur,</strong></span> <span class='ocrx_word' id='word_1_256' title='bbox 312 3338 414 3414; x_wconf 84' lang='lat' dir='ltr'><strong>donec</strong></span> <span class='ocrx_word' id='word_1_257' title='bbox 426 3341 488 3440; x_wconf 88' lang='lat' dir='ltr'><strong>ipsa</strong></span> <span class='ocrx_word' id='word_1_258' title='bbox 506 3340 684 3440; x_wconf 72' lang='lat' dir='ltr'><strong>hyperbole</strong></span> <span class='ocrx_word' id='word_1_259' title='bbox 702 3365 777 3413; x_wconf 90' lang='lat' dir='ltr'><strong>cum</strong></span> <span class='ocrx_word' id='word_1_260' title='bbox 790 3341 974 3441; x_wconf 84' lang='lat' dir='ltr'><strong>asymptotis</strong></span> <span class='ocrx_word' id='word_1_261' title='bbox 989 3340 1047 3411; x_wconf 87' lang='lat' dir='ltr'><strong>suis</strong></span> <span class='ocrx_word' id='word_1_262' title='bbox 1061 3343 1092 3411; x_wconf 96' lang='lat' dir='ltr'><strong>in</strong></span> 
     </span>
     <span class='ocr_line' id='line_1_34' title="bbox 112 3436 1093 3538; baseline -0.001 -27"><span class='ocrx_word' id='word_1_263' title='bbox 112 3437 224 3511; x_wconf 83' lang='lat' dir='ltr'><strong>lineam</strong></span> <span class='ocrx_word' id='word_1_264' title='bbox 233 3439 427 3512; x_wconf 70' lang='lat' dir='ltr'><strong>Redlamaxi</strong></span> <span class='ocrx_word' id='word_1_265' title='bbox 439 3436 725 3538; x_wconf 84' lang='lat' dir='ltr'><strong>perpendicularem</strong></span> <span class='ocrx_word' id='word_1_266' title='bbox 734 3437 858 3510; x_wconf 88' lang='lat' dir='ltr'><strong>tandem</strong></span> <span class='ocrx_word' id='word_1_267' title='bbox 870 3440 970 3510; x_wconf 88' lang='lat' dir='ltr'><strong>abeat.</strong></span> <span class='ocrx_word' id='word_1_268' title='bbox 990 3436 1093 3510; x_wconf 89' lang='lat' dir='ltr'><strong>Unde</strong></span> 
     </span>
     <span class='ocr_line' id='line_1_35' title="bbox 113 3531 1093 3630; baseline 0 -22"><span class='ocrx_word' id='word_1_269' title='bbox 113 3534 288 3608; x_wconf 89' lang='lat' dir='ltr'><strong>notandum</strong></span> <span class='ocrx_word' id='word_1_270' title='bbox 310 3542 366 3626; x_wconf 88' lang='lat'><strong>(1)</strong></span> <span class='ocrx_word' id='word_1_271' title='bbox 390 3538 549 3610; x_wconf 73' lang='lat' dir='ltr'><strong>Sesliones</strong></span> <span class='ocrx_word' id='word_1_272' title='bbox 569 3537 706 3607; x_wconf 86' lang='lat' dir='ltr'><strong>Conicas</strong></span> <span class='ocrx_word' id='word_1_273' title='bbox 726 3531 786 3605; x_wconf 89' lang='lat' dir='ltr'><strong>else</strong></span> <span class='ocrx_word' id='word_1_274' title='bbox 798 3561 858 3630; x_wconf 87' lang='lat' dir='ltr'><strong>per</strong></span> <span class='ocrx_word' id='word_1_275' title='bbox 875 3535 904 3606; x_wconf 87' lang='lat' dir='ltr'><strong>se</strong></span> <span class='ocrx_word' id='word_1_276' title='bbox 922 3535 1093 3608; x_wconf 88' lang='lat' dir='ltr'><strong>curvarum</strong></span> 
     </span>
     <span class='ocr_line' id='line_1_36' title="bbox 112 3629 1092 3732; baseline 0 -27"><span class='ocrx_word' id='word_1_277' title='bbox 112 3632 264 3725; x_wconf 74' lang='lat' dir='ltr'><strong>linearum</strong></span> <span class='ocrx_word' id='word_1_278' title='bbox 277 3636 471 3732; x_wconf 88' lang='lat' dir='ltr'><strong>regularium</strong></span> <span class='ocrx_word' id='word_1_279' title='bbox 485 3642 518 3706; x_wconf 92' lang='lat'>&amp;</span> <span class='ocrx_word' id='word_1_280' title='bbox 530 3656 741 3732; x_wconf 83' lang='lat' dir='ltr'><strong>congenerum</strong></span> <span class='ocrx_word' id='word_1_281' title='bbox 753 3629 899 3728; x_wconf 88' lang='lat' dir='ltr'><strong>systema,</strong></span> <span class='ocrx_word' id='word_1_282' title='bbox 925 3638 959 3702; x_wconf 89' lang='lat'>&amp;</span> <span class='ocrx_word' id='word_1_283' title='bbox 980 3636 1092 3726; x_wconf 86' lang='lat' dir='ltr'><strong>Unam</strong></span> 
     </span>
     <span class='ocr_line' id='line_1_37' title="bbox 114 3728 1092 3828; baseline -0.003 -24"><span class='ocrx_word' id='word_1_284' title='bbox 114 3728 298 3810; x_wconf 85' lang='lat' dir='ltr'><strong>lnalteram,</strong></span> <span class='ocrx_word' id='word_1_285' title='bbox 323 3731 379 3804; x_wconf 92' lang='lat' dir='ltr'><strong>ubl</strong></span> <span class='ocrx_word' id='word_1_286' title='bbox 392 3732 423 3804; x_wconf 92' lang='lat' dir='ltr'><strong>in</strong></span> <span class='ocrx_word' id='word_1_287' title='bbox 436 3730 596 3803; x_wconf 79' lang='lat' dir='ltr'><strong>inlinitum</strong></span> <span class='ocrx_word' id='word_1_288' title='bbox 616 3750 751 3826; x_wconf 86' lang='lat' dir='ltr'><strong>augetur</strong></span> <span class='ocrx_word' id='word_1_289' title='bbox 766 3732 819 3801; x_wconf 91' lang='lat' dir='ltr'><strong>vel</strong></span> <span class='ocrx_word' id='word_1_290' title='bbox 840 3729 1008 3828; x_wconf 83' lang='lat' dir='ltr'><strong>minuitur,</strong></span> <span class='ocrx_word' id='word_1_291' title='bbox 1020 3755 1092 3828; x_wconf 86' lang='lat' dir='ltr'><strong>per-</strong></span> 
     </span>
     <span class='ocr_line' id='line_1_38' title="bbox 113 3826 1091 3993; baseline -0.004 -93"><span class='ocrx_word' id='word_1_292' title='bbox 113 3846 214 3929; x_wconf 82' lang='lat' dir='ltr'><strong>petuo</strong></span> <span class='ocrx_word' id='word_1_293' title='bbox 225 3831 353 3901; x_wconf 87' lang='lat' dir='ltr'><strong>mutari.</strong></span> <span class='ocrx_word' id='word_1_294' title='bbox 403 3835 453 3902; x_wconf 91' lang='lat' dir='ltr'><strong>Ita</strong></span> <span class='ocrx_word' id='word_1_295' title='bbox 467 3830 604 3901; x_wconf 86' lang='lat' dir='ltr'><strong>circulus</strong></span> <span class='ocrx_word' id='word_1_296' title='bbox 623 3826 781 3902; x_wconf 89' lang='lat' dir='ltr'><strong>diminuta</strong></span> <span class='ocrx_word' id='word_1_297' title='bbox 800 3828 852 3900; x_wconf 91' lang='lat' dir='ltr'><strong>vel</strong></span> <span class='ocrx_word' id='word_1_298' title='bbox 870 3829 961 3903; x_wconf 66' lang='lat' dir='ltr'><strong>auda</strong></span> <span class='ocrx_word' id='word_1_299' title='bbox 985 3829 1091 3993; x_wconf 78' lang='lat' dir='ltr'><strong>taptil·</strong></span> 
     </span>
     <span class='ocr_line' id='line_1_39' title="bbox 390 3939 1121 3999; baseline -0.004 0"><span class='ocrx_word' id='word_1_300' title='bbox 390 3967 394 3979; x_wconf 51' lang='grc' dir='ltr'><em>ι</em></span> <span class='ocrx_word' id='word_1_301' title='bbox 653 3939 674 3955; x_wconf 81' lang='grc'>”</span> <span class='ocrx_word' id='word_1_302' title='bbox 1028 3947 1085 3999; x_wconf 86' lang='lat' dir='ltr'><strong>um</strong></span> <span class='ocrx_word' id='word_1_303' title='bbox 1118 3991 1121 3996; x_wconf 15' lang='lat' dir='ltr'><strong>a</strong></span> 
     </span>
    </p>
   </div>
   <div class='ocr_carea' id='block_1_4' title="bbox 0 0 1224 4328">
    <p class='ocr_par' dir='ltr' id='par_1_4' title="bbox 0 0 1224 4328">
     <span class='ocr_line' id='line_1_40' title="bbox 0 0 1224 4328; baseline 0 0"><span class='ocrx_word' id='word_1_304' title='bbox 0 0 1224 4328; x_wconf 95' lang='lat' dir='ltr'><strong> </strong></span> 
     </span>
    </p>
   </div>
  </div>
 </body>
</html>
