2438 4328
98 38 252 113 Ψ
295 104 981 184 PHYSlco-MATHEMATIM.
1057 140 1126 219 247
1195 150 1197 155 ’

136 241 184 314 est
194 242 276 314 ratio
292 239 509 332 cujuscunque
521 263 691 336 corporum
703 235 888 335 systematis,
914 240 1017 316 fluido
1028 271 1121 324 com.

136 342 290 435 primente
303 335 503 411 circumdati.
554 334 739 434 Systematis
758 360 857 434 partes
881 363 987 411 omnes
1006 344 1118 422 iisdem

135 437 338 533 agitabuntur
345 434 499 512 motibus,
520 457 555 503 ac
571 433 595 504 fi
609 436 640 506 in
653 458 756 505 vacuo
773 435 1038 511 constituerentur
1046 469 1057 524 3
1086 454 1121 529 ὃς

134 533 230 605 solam
250 534 418 607 retinerent
437 533 627 631 gravitatem
652 531 747 601 suam·
760 537 1030 630 comparativam:
1058 540 1117 613 nisi

132 653 285 723 quatenus
311 628 452 703 fluidum
476 631 530 698 vel
554 627 693 700 motibus
717 654 823 700 earum
847 627 979 715 resistat,
1005 638 1058 707 vel
1077 637 1118 713 ad

130 727 254 801 easdem
266 722 493 824 compressione
506 724 761 824 conglutinandos
776 731 966 821 requiratur.

178 831 314 900 LVIII.
340 821 527 896 Fluidanon
541 821 758 895 descendentia
777 827 805 895 se
819 828 970 907 invicem,
997 835 1030 898 ὅ(
1050 852 1115 906 tarn

130 923 273 1015 immersa
293 946 437 1020 corpora,
462 944 560 1013 quam
581 922 783 1002 continentia,
814 923 885 994 daia
905 923 969 995 basi
989 949 1049 1023 pro
1066 955 1115 1001 ra-

129 1024 214 1092 tione
229 1019 403 1114 altitudinis
424 1014 699 1116 perpendicularis,
721 1042 782 1090 non
794 1043 900 1092 autem
917 1045 975 1117 pro
995 1027 1115 1098 ratione

130 1119 312 1210 quantitatis
326 1117 466 1206 materia
479 1136 635 1211 premunt.
686 1118 763 1186 Hoc
775 1114 832 1197 est,
845 1117 959 1215 pressio
975 1121 1115 1217 cylindri

128 1240 219 1308 aquae
238 1243 272 1288 v.
285 1241 318 1312 g.
339 1210 513 1307 altitudinis
525 1211 779 1310 quadrupedalis,
801 1215 857 1291 ulii
876 1218 988 1290 circuli
1007 1218 1113 1315 cylinss

126 1310 225 1382 dricae
246 1316 402 1393 columnae
420 1334 488 1380 area
507 1309 553 1381 est
572 1313 665 1382 unius
682 1331 806 1383 tantum
820 1314 941 1408 pollicis
955 1315 1114 1407 quadrati,

127 1409 254 1500 aequalis
272 1407 318 1481 est
338 1403 486 1504 preffioni
506 1407 644 1507 cylindri
665 1409 804 1498 cujusvis
824 1435 914 1502 aquae
938 1412 1114 1486 altitudinis

125 1502 369 1603 quadrupedalis
385 1504 443 1574 ubi
462 1505 575 1575 circuli
597 1503 783 1604 cylindricae
802 1510 958 1579 columnae
982 1535 1048 1581 area
1064 1509 1112 1584 est

125 1621 253 1691 centum
267 1605 318 1675 vel
334 1604 420 1679 mille
432 1602 587 1698 pollicum
600 1600 840 1695 quadratorum,
858 1612 891 1676 &
907 1602 950 1676 sic
966 1607 1106 1701 ubique:

122 1700 275 1772 nimirum
289 1699 314 1771 fi
332 1696 410 1794 basis
427 1721 527 1792 aquea
546 1723 622 1770 cum
635 1702 756 1790 aquain
769 1698 851 1770 tubo
861 1722 1006 1773 contenta
1018 1730 1109 1780 coma

124 1798 298 1889 municans,
325 1794 364 1869 sit
385 1796 525 1888 utroqi'ie
549 1797 581 1865 in
601 1794 672 1866 casu
690 1797 828 1890 aequalis.

172 1897 255 1967 Haec
267 1893 313 1971 est
325 1886 483 1985 notissima
501 1886 730 1989 hydrostaticae
752 1892 887 1993 scientiae
908 1897 1028 1990 regula,
1053 1921 1111 1995 per

122 1995 336 2088 experimenta
353 1991 392 2062 sae
416 1992 593 2085 iusreperta
598 2017 609 2073 3
637 1987 773 2060 vixdum
786 2011 904 2070 autem,
921 1992 971 2063 uti
982 1993 1109 2089 opinor',

120 2085 253 2185 physice
267 2111 321 2161 aut
334 2015 556 2161 matliematice
577 2085 788 2164 demonstrata
793 2114 804 2170 ς
824 2112 919 2182 quam
930 2084 995 2159 hoc
1007 2086 1110 2161 modo

119 2181 332 2259 demonstrare
355 2184 503 2257 conabor.
553 2190 684 2257 Notum
703 2181 749 2256 est
771 2208 812 2255 ex
829 2186 939 2281 primis
957 2182 1109 2261 motuum

120 2276 332 2376 physicorum
345 2281 509 2372 elementis
532 2284 741 2373 quantitatem
763 2283 883 2358 virium
907 2278 1106 2379 motriciuin,

119 2374 186 2447 s'ive
206 2376 382 2453 effectuum
400 2375 510 2454 iisdem
529 2374 785 2546 respondentium
802 2403 842 2450 ex
857 2383 995 2452 materiae
1007 2405 1106 2452 motae

117 2477 293 2566 quantitate
305 2477 552 2553 inavelocitatem
590 2478 663 2546 usta
674 2475 796 2573 prorsus
809 2477 905 2547 oriri:
926 2479 1104 2574 &proinde

116 2569 246 2657 eandem
267 2573 341 2646 fore
356 2568 541 2670 pressionem
559 2597 600 2643 ex
617 2571 761 2665 qualibet
783 2576 920 2643 materiae
935 2576 1105 2671 prementis

114 2673 290 2760 quantitate
304 2662 405 2763 modo
416 2667 557 2762 ejusdem
574 2669 725 2745 velocitas
742 2665 781 2740 sit
792 2669 911 2767 semper
925 2677 957 2740 &
980 2670 1103 2764 ubique

113 2770 252 2839 materiae
264 2768 435 2863 quantitati
448 2768 612 2863 reciproce
627 2769 878 2863 proportionalis.
914 2765 1101 2840 Notumest

114 2865 209 2937 etiam
230 2861 362 2956 staterae,
387 2866 500 2944 vedis,
525 2863 628 2943 librar,
655 2871 688 2934 δε
709 2861 895 2955 hujusmodi
913 2860 1103 2959 instrumen·
1155 2954 1157 2960 Α

111 2981 221 3033 torum
238 2959 497 3058 mechanicorum
521 2961 663 3042 viresex
687 2958 874 3050 hujusmodi
898 2961 1036 3058 materiae
1066 2967 1102 3035 δε

111 3059 290 3155 velocitatis
305 3060 539 3153 combinatione
560 3059 719 3155 reciproca
744 3056 883 3130 derivari
894 3085 904 3138 ‚·
930 3051 1100 3137 &datum

113 3155 237 3251 pondus
255 3160 274 3228 l
293 3159 328 3232 vi
350 3156 403 3251 seu
418 3151 571 3254 pressione
589 3152 659 3227 data
676 3157 955 3248 quantulacunque
975 3150 1100 3232 moveri

111 3250 208 3348 posse,
235 3252 258 3324 si
280 3246 380 3326 modo
393 3251 536 3326 machina
550 3278 589 3323 eo
602 3249 703 3323 modo
715 3249 850 3348 ponderi
863 3250 1002 3323 simul&
1014 3253 1098 3351 pres,

112 3348 192 3422 fioni
212 3349 432 3445 admoveatur,
465 3373 503 3424 ut
526 3348 681 3421 distantiae
713 3349 752 3420 ab
784 3345 1034 3446 hypomochlio‚
1061 3358 1096 3421 ὃ(

110 3445 241 3540 proinde
261 3449 445 3543 velocitates
467 3445 664 3549 ponderis&
680 3443 841 3542 pressioris
857 3444 922 3535 'fint
936 3470 977 3516 eir
992 3450 1098 3543 neces-

113 3540 203 3614 sitate
233 3539 382 3617 motuum
407 3545 467 3618 sibi
490 3548 629 3620 invicem
653 3545 815 3640 reciproce
837 3539 1096 3641 proportionales,

111 3642 165 3711 sic
178 3642 245 3713 sano
263 3647 394 3737 unicum
406 3643 515 3743 pondo
535 3640 573 3714 ad
585 3639 765 3714 distantiam
772 3662 912 3735 quatuor
923 3639 1043 3738 pedum
1058 3641 1097 3712 ab

105 3735 344 3839 hypomochlio
352 3740 541 3844 tantundem
554 3736 687 3919 vale'thc
699 3760 840 3835 quatuor
859 3736 982 3908 pmdq
989 3736 1029 3810 ad
1039 3737 1098 3846 ,dl

640 3912 645 3919 ,
693 3863 719 3946 4
887 3855 891 3861 '
983 3855 1098 3912 aritiam
