2438 4328
171 154 215 233 8²
444 154 645 223 PReAELE
655 153 720 222 CT
716 154 888 224 10an

165 243 603 363 rdeoobdeterrninationem
614 275 947 376 gravitatisdeorsum.
994 278 1165 355 Similiter

168 379 386 456 inTrochlea
408 378 462 450 seu
488 376 675 473 Polyspasto
701 380 749 448 vis
768 400 876 449 manus
895 375 1008 449 sunem
1031 377 1167 453 dirtos

167 475 330 560 trahentis,
353 500 428 570 qua
449 470 489 543 fit
513 472 553 544 ad
577 472 700 570 pondus
720 475 772 546 vel
795 474 916 546 diressle
940 476 994 545 vcl
1021 478 1168 572 oblique

168 577 342 655 ascendens,
366 571 560 645 utvelocitas
570 572 705 645 ascensus
712 572 988 669 perpendicularis,
1014 572 1169 649 advelo-

168 677 300 750 citatem
322 692 432 742 manus
459 666 569 740 sunem
595 667 765 749 trahentis,
790 669 953 747 sustinebit
973 670 1109 767 pondus
1134 674 1170 747 in

168 770 365 866 aequilibrio.
415 763 1170 866 Inhorologiis&fimilibusinstrumentisque

171 895 215 944 tx
227 868 341 940 rotulis
355 863 526 937 commissis
537 863 715 937 constructa
728 865 809 944 sunt,
835 867 917 936 vires
932 871 1109 941 contrariae
1125 866 1168 943 ad

171 986 302 1039 motum
322 965 497 1037 rotularum
522 962 779 1060 promovendum
804 971 837 1033 &
866 961 1168 1061 impediendumli

171 1063 243 1138 sunt
256 1064 418 1160 reciproce
437 1084 475 1135 ut
488 1063 672 1133 velocitates
690 1063 829 1158 partium
841 1064 1021 1135 rotularum
1039 1064 1073 1135 in
1090 1087 1170 1159 quar

173 1164 404 1259 imprimuntur
424 1157 621 1232 sustinebunt
643 1158 671 1230 se
697 1179 826 1230 mutuo.
876 1162 936 1233 Vis
956 1156 1104 1234 cochlea
1127 1159 1168 1233 ad

173 1257 383 1359 premendrun
400 1282 527 1355 corpus,
552 1255 598 1327 est
617 1252 657 1327 ad
672 1259 740 1327 vim
753 1280 862 1327 manus
879 1256 1088 1329 manubrium
1103 1260 1168 1331 cir-

174 1358 381 1455 congestis,
406 1376 443 1427 ut
458 1355 617 1427 circularis
630 1357 780 1425 velocitas
791 1354 950 1426 manubrii
969 1379 1005 1425 ea
1025 1357 1061 1427 in

175 1454 235 1526 ubi
261 1478 278 1523 a
307 1477 402 1525 manu
432 1473 588 1550 urgetur,
626 1449 666 1521 ad
701 1454 903 1524 velocitatem
933 1475 1055 1550 progne
1094 1454 1185 1531 vam'

175 1548 316 1624 cochlea
337 1548 442 1622 versus
466 1573 580 1644 corpus
596 1544 745 1643 pressum.
800 1551 893 1621 Vires
906 1550 1029 1643 quibus
1048 1574 1170 1623 cuneus

177 1668 272 1748 urget
296 1669 398 1746 partes
419 1646 497 1720 duas
515 1648 594 1745 ligni
616 1642 690 1725 filli,
715 1644 761 1717 est
781 1644 820 1717 ad
837 1648 904 1718 vim
926 1649 1034 1720 mallei
1055 1650 1089 1721 in
1111 1674 1168 1721 cu·

175 1771 285 1826 neum,
312 1767 349 1818 ut
367 1741 544 1844 progressus
563 1746 656 1815 cunei
675 1741 848 1815 secundum
867 1742 1171 1819 determinationem

177 1848 257 1919 v'na
273 1844 386 1917 malleo
400 1845 432 1914 in
445 1842 546 1939 ipsum
559 1838 725 1939 impressa,
750 1839 789 1913 ad
804 1843 1008 1914 velocitatem
1021 1866 1171 1941 quapar·

178 1963 226 2014 tes
242 1941 320 2037 ligni
344 1938 463 2011 cedunt
487 1964 590 2011 cuneo
612 1937 786 2009 secundum
806 1941 897 2009 lineas
914 1937 1062 2013 faciebus
1078 1940 1172 2013 cunti

179 2034 455 2133 pependiculares:
483 2041 516 2104 ἃ
535 2059 589 2130 par
606 2033 653 2106 est
668 2038 750 2106 ratio
767 2033 985 2108 machinarum
1004 2040 1169 2114 onmium.

181 2136 311 2204 Harum
330 2128 473 2203 efficacia
493 2131 612 2204 &usus
634 2135 665 2204 in
683 2157 723 2204 eo
735 2132 802 2204 solo
814 2131 956 2205 consistit
973 2154 1012 2205 ut
1027 2134 1172 2207 diminu-

181 2225 266 2300 endo
285 2227 503 2309 velocitatem,
521 2252 690 2327 augeamus
714 2231 794 2310 vim,
827 2237 861 2301 &
888 2251 1011 2302 contra.
1065 2229 1171 2307 Unde

181 2325 318 2398 solvitur
337 2326 368 2396 in
388 2328 478 2397 omni
496 2347 644 2423 aptorum
661 2325 943 2400 instrumentorum
959 2352 1078 2426 genere
1092 2337 1172 2401 Pro

182 2416 286 2495 blema
301 2420 383 2493 illud
400 2421 615 2503 decantatum,
640 2431 761 2495 Datum
773 2425 885 2520 pondsts
897 2426 973 2495 data
985 2435 1020 2495 vr·
1037 2454 1172 2524 quaem

184 2544 241 2619 que
257 2520 405 2599 movendi,
430 2521 561 2592 aliamve
574 2520 678 2592 datam
694 2520 897 2593 refislcntiam
919 2524 953 2594 vi
974 2520 1051 2596 data
1071 2548 1173 2619 quan·

184 2618 378 2710 tulacunque
392 2615 568 2713 superandi.
596 2624 683 2690 Nam
698 2615 883 2690 srmachinae
894 2622 936 2691 ita
944 2619 1129 2695 formentur
1136 2641 1174 2693 ut

184 2715 368 2806 velocitates
386 2717 504 2813 agentis
521 2723 555 2787 δι
567 2713 735 2787 refistentis
754 2714 814 2787 srnt
834 2720 996 2814 reciproce
1014 2740 1056 2791 ut
1079 2721 1176 2799 vires,

185 2817 294 2913 Agens
313 2810 517 2884 resistentiam
541 2811 718 2892 sustinebit,
743 2820 776 2884 &
795 2812 908 2904 majori
926 2840 1002 2886 cum
1018 2817 1177 2888 velocita-

186 2931 258 2982 tum
277 2910 457 3008 disparitate
475 2907 606 2981 eandem
629 2910 759 2980 vincet:
787 2916 886 2982 Certe
912 2909 936 2981 sr
959 2932 1047 2985 tanta
1059 2911 1101 2987 sit
1119 2938 1178 2987 ve-

185 3008 355 3079 incitatum
372 3005 533 3104 disparitas
545 3028 583 3078 ut
598 3008 744 3078 vincatur
765 3011 861 3080 etiam
880 3007 1057 3082 refistentia
1071 3011 1177 3084 omnis

187 3121 261 3199 quae
274 3126 339 3175 tam
355 3128 395 3174 ex
413 3106 644 3200 contiguorum
664 3109 698 3175 δε
717 3105 798 3175 inter
815 3105 844 3176 se
865 3107 1041 3179 labentium
1061 3131 1178 3205 corpo·

186 3226 260 3275 rum
278 3201 451 3283 attritione,
474 3226 571 3296 quam
584 3226 625 3273 ex
644 3202 870 3274 continuorum
883 3210 917 3274 &
929 3205 967 3275 ab
981 3204 1178 3277 invicemse·

187 3295 398 3397 parandorum
410 3296 598 3379 conrnune,
624 3297 1178 3396 &elevandorumponderibusoriri

189 3391 279 3477 soler,
303 3395 443 3496 superata
462 3398 550 3469 omni
564 3422 601 3466 ea
614 3394 783 3467 refistentia
797 3400 844 3469 vis
860 3395 1039 3470 redundans
1057 3401 1194 3471 accele··

189 3496 344 3567 rationem
357 3515 466 3566 motus
483 3488 543 3566 libi
561 3494 829 3591 proportionalem
849 3498 964 3591 partim
985 3497 1018 3567 in
1034 3497 1179 3593 partibus

190 3590 357 3673 machina,
383 3595 543 3687 partimin
560 3616 693 3688 corpore
706 3589 864 3664 refistente
879 3591 1048 3690 producet.
1100 3599 1180 3666 Ca-

191 3703 296 3762 terum
312 3687 528 3762 mechanicam
535 3692 734 3762 tractarenon
746 3688 792 3761 est
804 3687 1064 3781 hujusinstitutia
1079 3691 1182 3765 Hisce

191 3798 301 3861 autem
320 3787 426 3891 saltem
450 3786 647 3864 ostendimus
670 3810 768 3883 quarn
793 3789 854 3862 late
875 3808 991 3892 pateat,
1015 3808 1182 3885 quamque

1095 3906 1180 3959 cem
