2438 4328
189 137 259 230 '372
448 128 913 205 eeoauecrronres

188 260 260 334 ficie
279 255 425 339 Telluris,
455 281 509 352 per
533 279 656 328 motum
682 257 774 328 suum
805 254 974 328 diurnum
1004 255 1141 341 circulata}

187 383 252 430 non
276 358 425 431 circulum
449 352 499 425 sed
525 355 622 449 cllipfin
641 354 673 423 in
696 355 789 448 plano
811 349 928 425 hocce
956 349 1140 429 delineatun'tu

188 457 318 528 Notum
336 453 417 526 euim
438 446 481 521 est
500 450 653 521 circulum
670 450 799 543 oblique
812 448 1005 544 spedatum
1021 455 1066 523 vel
1082 453 1140 546 ptuit

187 553 276 624 dum
296 553 328 623 in
350 543 465 642 ellipsin
488 545 601 642 semper
616 546 795 644 degenerare
801 569 812 626 ς
845 544 948 635 cujus
963 548 1029 618 axis
1041 547 1157 639 majori·

187 651 309 744 aequalis
326 646 432 718 circuli
450 642 622 724 diametro;
647 647 748 714 minor
765 664 848 713 vero
874 665 1028 738 aequetur
1043 643 1138 719 fiuuin

188 746 243 815 eto
270 741 442 815 elevationis
465 765 500 810 an
525 741 567 811 uli
593 741 678 837 supra
699 741 825 834 planum
853 741 975 811 circuli
1000 739 1137 834 duplicato:

187 840 335 935 cujusque
353 833 482 935 proinde
502 766 654 907 distantiae
674 836 711 906 ab
727 832 792 906 istis
809 834 932 907 axibus
949 835 986 906 iu
1012 839 1071 934 peri
1089 834 1135 910 htti

186 938 360 1007 normaliter
374 955 503 1028 acceptae
528 930 588 1003 srnt
615 930 697 1005 srnus
718 929 792 1002 redii
814 934 1034 1028 angulorum,
1064 863 1134 1007 dn

186 1051 245 1105 tuo
259 1031 297 1104 ad
316 1029 434 1104 redum
449 1031 596 1122 angulum
611 1029 849 1124 complentium.
878 1053 913 1097 v.
929 1054 970 1125 g.
994 1028 1133 1104 Paneas
1194 1094 1198 1101 ,

184 1131 257 1200 rana
274 1129 306 1198 in
324 1125 502 1218 hujusmodi
517 1122 628 1222 Ellipsr
647 1123 703 1197 hae
717 1125 834 1195 ratione
852 1121 1075 1223 designantur.
1105 1128 1134 1199 ll

185 1223 308 1296 vidatur
335 1223 470 1296 semiaxis
494 1245 623 1316 uterque
646 1245 705 1318 pro
729 1222 848 1292 rarione
875 1218 1015 1296 sinuum
1044 1221 1134 1321 gndln

185 1315 311 1392 horariis
332 1342 385 1411 15,
413 1345 470 1415 30,
492 1340 551 1414 45,
575 1328 633 1397 60,
656 1341 698 1413 75
725 1319 1011 1414 congruentium:
1041 1327 1073 1392 δι
1089 1345 1134 1392 cun

182 1419 320 1514 plentur
340 1417 520 1514 redangula.
544 1415 789 1512 redangulorum
804 1411 966 1487 occursus
992 1415 1135 1513 pundrlu

72 1519 75 1526 '
183 1514 257 1586 tatia
276 1513 308 1583 in
324 1509 490 1609 peripheria
508 1512 638 1609 elliptica
659 1509 834 1608 signabunt.
885 1514 1083 1586 Notandum
1094 1513 1136 1604 (8⁰)

183 1611 351 1682 Semiaxem
369 1609 520 1680 minorem
540 1631 613 1680 cum
629 1632 683 1678 axe
693 1605 841 1687 Telluris,
864 1608 898 1678 in
914 1605 987 1680 hoc
1004 1614 1136 1708 planopu

180 1704 276 1800 jedo,
307 1707 421 1802 semper
435 1700 619 1785 coincidere,
652 1708 687 1774 δι
706 1699 868 1775 meridiem
891 1705 1096 1804 mediamque
1111 1732 1137 1778 no

181 1803 265 1876 &eru
283 1800 501 1876 determinare:
534 1797 692 1872 semiaxem
711 1820 815 1871 autem
837 1801 1004 1891 majorem
1020 1802 1139 1877 huicne·

180 1902 298 1972 maliter
317 1896 474 1972 insrstere:
499 1893 691 1994 proindeque
709 1893 814 1967 horam
841 1895 971 1973 sextam
998 1903 1138 1975 marutinu

179 1996 438 2092 vespertinamque
451 1990 618 2065 ostendere.
666 1992 765 2065 Uude
780 1992 986 2089 consequeus
1003 1998 1050 2070 est
1067 1999 1139 2096 pund

179 2087 237 2161 ista
256 2088 370 2161 horaria
389 2093 492 2161 locum
511 2111 669 2184 quemque
689 2090 904 2187 particularem
932 2094 973 2165 in
994 2094 1098 2167 eodem
1110 2095 1140 2168 tit·

179 2188 252 2258 culo
276 2185 410 2282 parallelo
429 2182 523 2256 ficum
545 2182 584 2255 ad
606 2181 712 2256 horam
732 2182 819 2256 istam
838 2183 998 2262 definire.
1048 2197 1139 2287 Exqt.

34 2322 39 2333 ·
177 2285 219 2354 Iu
239 2278 349 2377 Ellipli
368 2305 384 2351 a
403 2279 550 2352 Londino
568 2278 713 2376 descripta
733 2282 889 2377 puns'tum
910 2279 1011 2359 horae
1031 2287 1142 2363 duodeci

176 2403 238 2450 mae
259 2377 380 2451 diurna
402 2374 464 2448 five
483 2376 632 2451 meridiei,
655 2377 839 2450 Londinum
860 2401 899 2450 eo
928 2390 1085 2481 temporis
1102 2408 1144 2455 no

176 2498 305 2644 ten
320 2470 1147 2676 tteustttstztrtstttttnetltt:

175 2689 205 2740 ra
220 2669 347 2763 ubique.
393 2663 595 2761 Consequens
619 2663 662 2735 est
685 2668 775 2738 etiam
800 2665 934 2740 eandem
963 2673 1090 2772 ellipsin
1104 2693 1148 2747 ou·

174 2765 264 2836 uibus
280 2761 393 2835 telluris
407 2765 483 2834 locis
501 2763 533 2832 in
551 2757 659 2832 eodem
678 2765 793 2835 circulo
812 2766 960 2859 parallelo
980 2775 1092 2867 posuis
1107 2795 1149 2868 po

173 2885 262 2954 aeque
283 2859 431 2932 inservire.
462 2881 526 2929 non
544 2856 633 2952 quod
651 2854 726 2930 hora
746 2856 786 2929 srt
814 2857 924 2933 eadem
953 2866 1096 2945 absoluta
1112 2868 1151 2942 ln

173 2956 255 3030 idem
275 2977 468 3027 momentum
487 2954 631 3050 temporis
650 2955 776 3026 absoluti
796 2955 850 3027 ubi
875 2960 950 3030 loca
966 2963 1152 3060 ejusdemne

171 3053 261 3124 salleli
285 3050 323 3122 ad
345 3049 468 3122 eandem
488 3047 595 3120 horam
616 3048 823 3147 deputantur:
861 3052 926 3134 sed,
972 3063 1071 3156 quod
1094 3061 1153 3136 iden

170 3149 303 3219 omnino
324 3144 362 3217 fit
385 3169 504 3242 tempus
525 3145 738 3241 respeslivum,
775 3145 838 3219 five
863 3149 978 3226 eadem
1005 3156 1084 3232 hora
1105 3159 1153 3231 vul

193 3245 246 3313 aris
269 3244 400 3316 relativa.
444 3243 579 3314 sienim
604 3242 743 3314 Londini
762 3240 887 3327 fuerim,
910 3254 1088 3330 meridiem
1109 3253 1153 3327 fite

169 3269 276 3409 doram
294 3337 509 3412 duodecimam
528 3359 594 3410 eam
612 3340 727 3435 appello
747 3363 842 3434 quam
864 3345 949 3415 Solis
972 3351 1014 3423 ad
1030 3349 1154 3426 Londiui

167 3432 371 3507 meridianum
389 3433 528 3532 appulsus
541 3433 680 3505 denotat.
725 3436 778 3505 Sin
793 3459 844 3533 per
859 3439 982 3534 gmdus
993 3472 1043 3544 45
1061 3454 1154 3522 alon·

127 3594 129 3599 .
166 3527 244 3602 dino
266 3532 298 3599 in
319 3531 427 3604 eodem
449 3532 585 3627 parallelo
603 3528 726 3612 distem,
749 3531 1007 3614 meridianorum
1027 3543 1156 3621 differen-

165 3627 207 3695 tia
232 3628 376 3722 temporis
398 3627 524 3699 absoluti
546 3627 640 3699 trium
664 3623 809 3700 horarum
831 3626 1056 3716 differentiam
1085 3638 1155 3717 exhi·

162 3721 304 3798 bebuote
329 3719 408 3796 nihil
421 3744 523 3805 tamen
534 3724 639 3799 minus
651 3720 783 3798 similem
799 3720 907 3803 horam
922 3729 1156 3818 duodecimam,

1099 3833 1152 3935 su
