2438 4328
70 40 937 203 me5·100.MArrrnMArrnAE.
1025 136 1099 228 251⁴

106 263 189 344 oslu
211 261 245 333 lo
257 261 379 332 minore
395 277 587 331 contentam.
615 262 661 328 Et
669 281 709 327 ex
717 256 893 356 hypothesi
905 258 996 352 quod
1008 287 1101 337 com·

110 384 167 459 pre
192 385 227 430 ro
246 356 401 430 indatum
413 357 545 454 spatium
567 359 707 427 exercita
724 354 763 425 sit
779 359 810 427 in
827 358 1008 433 universum
1023 360 1103 433 deri·

114 457 198 530 litati
214 453 413 527 adamussim
423 455 676 552 proportionalis,
701 456 762 525 erit
778 457 840 525 inte
866 479 899 525 ra
913 456 1104 553 compressio

114 556 342 653 panicularum
361 551 426 624 sive
442 556 523 623 vires
533 554 781 646 comprimentes
801 481 906 623 eirllni
920 556 1105 650 proportio-

111 655 190 725 nales
207 655 243 745 in
263 651 350 722 cubo
368 652 490 721 minore
514 652 546 720 in
567 651 688 720 ratione
709 651 839 746 ostupla
866 650 1104 747 compressionis

112 749 178 822 sive
197 750 318 822 virium
336 749 619 845 comprimentium
634 750 665 819 in
685 745 816 836 majore.
843 745 906 819 Sed
922 747 956 818 su
998 748 1104 820 rsicies
1157 831 1159 834 y

112 851 245 944 integra,
270 869 334 940 qua
350 844 388 916 sit
407 842 608 941 compressio,
619 847 673 916 vel
685 843 866 940 superficies
878 772 1026 938 quasin
1043 872 1104 918 cu·

110 943 209 1035 jusvis
224 945 256 1014 in
269 943 356 1014 cubo
370 944 505 1021 minore,
531 940 578 1011 est
594 940 634 1012 ad
651 940 850 1036 superficiem
864 945 1030 1040 integram,
1050 945 1104 1016 vel
1127 984 1130 988 ⁴

111 1040 312 1138 superficiem
326 1038 471 1136 quadrati
485 1038 626 1129 cujusvis
640 1035 808 1136 homologi
822 1042 854 1112 in
868 1041 955 1112 cubo
972 1040 1104 1130 majore,

114 1142 146 1210 in
161 1141 283 1211 ratione
295 1135 541 1233 subquadrupla.
582 1133 643 1209 Est
656 1159 734 1233 crgo
751 1134 866 1232 pressio
886 1140 1015 1234 oslupla
1028 1163 1106 1212 cum

111 1231 265 1333 pressione
283 1238 376 1307 altera
397 1233 568 1306 earundem
582 1234 809 1332 particularum
825 1237 856 1305 in
876 1235 1010 1330 spatium
1024 1261 1106 1330 qua·

113 1332 231 1429 druplo
247 1331 347 1423 majus
361 1329 566 1428 dispersarum
582 1329 798 1429 comparanda.
831 1338 870 1402 In
885 1330 984 1429 spatio
997 1335 1107 1428 itaque

117 1428 299 1524 quadruplo
324 1431 446 1519 minore
473 1428 585 1500 eadem
601 1432 742 1501 materia
760 1431 929 1521 quantitas,
956 1427 1022 1502 five
1045 1455 1109 1519 eae·

117 1525 199 1597 dem'·
227 1524 324 1609 lluidi
339 1529 512 1623 particulae
540 1525 726 1625 pressionem
751 1529 915 1623 octuplam
940 1525 1111 1619 sustinent,

122 1619 243 1693 necesse
259 1625 367 1715 itaque
382 1621 428 1694 est
441 1644 479 1696 ut
494 1627 617 1717 quoivis
636 1625 790 1720 particula
811 1622 997 1719 pressionem
1009 1624 1111 1722 duplo

125 1743 223 1812 quani
238 1721 324 1817 prius
335 1721 486 1811 majorem
501 1718 670 1801 sullineat3
699 1719 764 1791 sive
778 1742 815 1791 ut
828 1725 910 1792 vires
922 1721 1112 1818 centrisugaes

123 1818 349 1913 panicularum
364 1815 424 1889 snt
437 1821 599 1916 reciproce
622 1818 867 1914 proportionales
885 1816 1040 1888 dislantiis
1058 1841 1111 1888 ea·

117 1911 264 1987 rundem.
313 1921 411 2010 QE.
421 1922 468 1987 D.

166 2012 320 2092 sicsine,
347 2010 487 2109 siplanis
512 2019 544 2081 F
549 2018 630 2092 GH,
648 2010 730 2109 fgh,
755 2035 810 2110 per
829 2011 935 2085 media
949 2012 1112 2085 cuborum

118 2107 226 2180 dustis
240 2107 457 2206 distinguatur
474 2108 615 2182 fluidum
634 2110 665 2194 in
683 2108 761 2181 dulas
772 2132 889 2208 partes:
917 2113 982 2182 Hae
994 2110 1024 2182 se
1036 2137 1111 2183 rnu-

119 2226 180 2274 tuo
194 2227 336 2298 prement
357 2205 468 2280 iisdem
492 2209 615 2278 viribus
634 2208 754 2298 quibus
772 2229 961 2305 premuntur
982 2208 1112 2306 iplanls

122 2303 202 2377 Ac,
228 2325 294 2370 ac:
321 2299 384 2372 hoc
400 2301 458 2381 est,
479 2306 515 2375 'in
529 2306 734 2401 proportione
758 2306 814 2386 ab,
840 2303 880 2378 ad
906 2312 988 2382 Aa.
1013 2304 1111 2377 adeo·

120 2418 185 2486 que
205 2395 288 2467 vires
308 2399 510 2496 centrisugr,
527 2402 645 2493 quibus
659 2398 893 2568 haepreffioms
909 2401 1109 2485 sustinentur,

122 2491 194 2562 sunt
214 2492 246 2562 in
264 2491 375 2564 eadem
392 2496 523 2587 ratione.
574 2497 635 2568 Ob
651 2520 712 2568 eun
737 2524 788 2569 em
808 2500 1032 2596 particularum
1051 2521 1112 2570 nu·

123 2612 250 2661 merum
270 2589 471 2685 similemque
490 2591 588 2665 situm
608 2597 639 2664 iri
660 2614 801 2686 utroque
822 2595 909 2666 cubo
933 2597 1016 2666 vires
1033 2618 1112 2686 quas
1173 2592 1175 2610 ²

125 2688 288 2781 particular
307 2686 417 2760 omnes
431 2688 604 2762 secundum
616 2692 705 2787 plana
729 2695 759 2758 F
764 2697 792 2760 G
799 2697 847 2771 H,
867 2689 940 2788 sgla
963 2710 1113 2777 exercent

122 2787 154 2854 in
172 2808 293 2866 omnes,
312 2786 384 2857 sunt
398 2807 435 2857 ut
446 2790 537 2860 ¹vires
559 2812 637 2880 quas
650 2785 781 2882 fingulae
794 2807 943 2859 exercent
959 2790 990 2858 in
1007 2783 1115 2882 fingu'·
1172 2871 1174 2875 ¹

126 2883 177 2951 las.
227 2887 321 2981 Ergo
335 2886 418 2979 vires
432 2909 509 2976 quas
533 2883 664 2983 fingulae
685 2891 835 2956 exercent
853 2887 885 2958 in
910 2881 1044 2981 fingulas
1067 2887 1115 2954 le·

127 2976 270 3052 cundum
286 2982 414 3078 planum
438 2988 469 3053 F
473 2989 550 3053 GH
567 2983 600 3052 in
620 2981 708 3053 cubo
725 2980 857 3072 majore,
882 2981 953 3052 lum
971 2979 1017 3052 ad
1032 2982 1116 3064 vires

126 3100 203 3168 quas
213 3074 347 3176 singule
359 3101 507 3151 exercent
522 3076 612 3150 insin
661 3074 887 3170 lassecundum
899 3081 1027 3177 planum
1038 3076 1116 3246 fgh

128 3174 260 3245 incub'o
273 3178 407 3258 minore,
432 3198 473 3249 ut
495 3176 554 3256 ab,
581 3201 599 3246 a
645 3183 735 3245 AB:
761 3173 825 3257 hoc
840 3176 898 3257 est,
924 3179 973 3259 uti
987 3176 1048 3266 jam
1081 3198 1116 3245 e-

127 3270 390 3354 monstravimus‚
422 3277 586 3371 reciproce
604 3294 641 3344 ut
659 3271 815 3345 distantiae
832 3275 1058 3372 particularum
1074 3270 1118 3344 ab

128 3369 277 3440 invicem.
328 3378 393 3466 ‚Q
391 3377 429 3440 E.
445 3369 489 3459 D
934 3375 936 3379 ’

178 3467 224 3535 Et
240 3469 314 3537 vice
327 3461 430 3549 ver-sat
459 3467 484 3539 li
498 3469 580 3540 vires
592 3471 822 3566 particularum
838 3466 1032 3564 fingularum
1042 3462 1115 3550 {lint
1193 3514 1208 3533 ,

127 3561 289 3656 reciproce
312 3586 350 3635 ut
373 3563 528 3638 distantis
543 3569 797 3663 particularum·
813 3562 850 3638 id
869 3564 926 3646 est,
951 3565 1115 3663 reciproce

129 3677 168 3730 ut
189 3658 350 3732 cuborum
371 3664 464 3734 latera
488 3668 569 3742 AB,
594 3664 660 3746 ab3
688 3662 818 3746 sumniae
838 3665 960 3737 virium
980 3663 1121 3734 eruntin
1149 3709 1152 3714 -

90 3782 94 3792 ¹
128 3752 240 3853 eadem
258 3758 388 3866 ratione,
414 3757 627 3862 &pressiones
650 3761 880 3856 quadratorum
905 3757 1057 3926 Dllissb
1080 3775 1120 3827 ut

470 3891 474 3901 .
1002 3877 1121 3927 ununae
