2438 4328
159 136 209 214 m
424 106 880 180 enatem-torres

159 229 356 319 butssstatnm
376 231 471 306 suum
490 230 644 304 movendi
665 235 718 306 vel
740 230 925 327 quiescendi
942 232 1153 319 sementibus,

159 352 332 409 commune
354 333 503 403 omnium
522 350 670 402 centrum
687 333 853 428 gravitatis
871 333 970 404 servat
984 333 1154 408 etiamsta·
1204 340 1207 347 '

159 452 234 507 tum
250 432 343 505 suurn
349 456 361 514 3
389 427 593 500 manifestum
616 426 663 499 est
682 427 776 522 quod
794 454 965 502 commune
979 429 1066 503 iliud
1081 457 1155 505 om·

158 534 252 606 nium
269 550 414 603 centrum
433 527 633 597 ouationes
656 526 805 599 binorum
829 552 1000 627 corporum
1016 531 1101 602 inter
1125 531 1155 603 se

161 646 328 724 nunquam
345 644 451 695 mutat
476 620 592 694 statum
616 623 709 695 suum
728 622 837 719 quoad
856 649 984 699 motum
1001 632 1037 697 &
1058 628 1154 722 quie·

162 744 246 802 tem.
294 729 333 793 In
353 723 411 792 tali
435 741 542 793 autem
557 723 704 793 omnium
719 721 884 819 systemate
897 726 1033 796 afflonts
1044 742 1157 799 omnes

164 840 339 921 corporum
354 820 436 890 inter
451 819 480 891 se
500 819 552 889 vel
567 823 649 892 inter
661 820 733 891 bina
747 819 818 892 sunt
831 846 978 919 corpora,
1003 822 1066 895 ubi
1076 819 1157 895 nihii

167 922 264 995 statio
283 918 386 990 centri
404 917 569 1013 gravitatis
589 914 763 1013 systematis
777 941 943 1003 mutatur3
970 922 1021 993 uti
1033 918 1159 1010 jamni-

166 1019 293 1099 dimus,
320 1013 418 1086 veleb
430 1014 606 1087 ustionibus
623 1017 703 1086 inter
717 1014 996 1114 binacomposrtae,
1019 1023 1159 1115 &prop-

169 1129 254 1189 terea
276 1136 440 1184 commum
468 1138 614 1184 omnium
633 1134 799 1208 gravitatis
817 1136 927 1186 centro
945 1118 1158 1188 mutationem

170 1216 205 1287 in
219 1211 301 1283 statu
314 1230 421 1281 motus
438 1210 484 1280 sui
499 1214 551 1282 vel
565 1211 682 1302 quietis
694 1230 857 1303 nunquam
880 1209 1046 1284 inducent.
1073 1219 1160 1285 Nam

77 1310 82 1319 ’
173 1309 259 1383 fieb
274 1309 463 1378 AdioneA
475 1309 506 1379 in
530 1315 555 1379 B
575 1307 671 1381 status
694 1311 793 1379 centri
813 1311 975 1406 gravitatis
993 1306 1079 1381 nihil
1092 1334 1159 1408 per·

169 1408 329 1485 turbetur,
355 1413 388 1476 ὃ(
401 1404 441 1476 ab
452 1406 575 1476 adtione
589 1412 617 1475 C
627 1406 657 1473 in
676 1412 699 1474 B
715 1403 795 1477 nihil
809 1405 1011 1501 perturbetur
1017 1432 1030 1488 3
1060 1428 1160 1501 neque

169 1507 240 1577 sane
257 1531 274 1575 a
286 1501 464 1592 conjundtis
483 1508 522 1571 A
534 1508 567 1571 &
581 1508 609 1571 C
619 1502 794 1574 actionibus
811 1501 980 1576 inBstatus
993 1504 1047 1576 ille
1063 1504 1160 1577 centri

173 1603 340 1702 gravitatis
352 1598 599 1696 perturbabitur.
610 1604 717 1687 Qare
733 1627 809 1672 cum
824 1623 967 1672 centnmr
980 1598 1065 1673 illud
1073 1626 1160 1673 eom·

174 1725 273 1773 mune
287 1699 450 1793 gravitatis
471 1696 528 1767 nbi
552 1721 683 1793 corpora
706 1723 769 1769 non
795 1701 937 1795 aguntin
958 1697 987 1769 se
1009 1700 1161 1777 invicem,

176 1801 229 1873 vel
242 1792 388 1890 quiescit,
407 1796 460 1866 vel
474 1796 505 1865 in
518 1796 602 1865 resia
616 1796 720 1889 aliqua
733 1793 937 1893 progreditur
948 1793 1163 1874 uniformiter,

176 1914 288 1995 pernet
304 1892 403 1973 idem,
427 1916 489 1962 non
509 1890 705 1963 obstantibus
727 1916 901 1989 corporum
919 1892 1099 1965 astionibu's
1118 1894 1164 1963 in·

178 1982 287 2069 ter'se,
311 1994 364 2061 vel
381 1991 498 2083 semper
517 1988 691 2080 quiescere,
717 1991 768 2061 vel
788 1990 907 2085 semper
922 1987 1076 2087 progredi
1095 1988 1165 2061 uni·

174 2089 326 2159 formiter
342 2088 374 2155 in
389 2082 573 2165 dired'tum3
601 2082 659 2156 nist
681 2111 697 2156 a
717 2086 836 2158 viribus
856 2089 886 2158 in
899 2086 1033 2183 systema
1045 2088 1166 2159 extrin-

177 2185 266 2256 secus
294 2177 445 2277 impressis
469 2178 660 2253 deturbetur
686 2180 727 2252 de
752 2182 816 2255 hoe
840 2182 930 2254 statu.
979 2181 1040 2255 Est
1067 2186 1168 2282 igitur

177 2275 353 2378 systematis
387 2302 556 2369 corporum
590 2281 731 2373 plurium
754 2282 807 2351 lex
836 2278 946 2352 eadem
980 2304 1055 2374 que
1096 2305 1169 2353 cor·

115 2455 117 2459 ,
179 2378 265 2476 poris
278 2375 409 2449 solitarii
425 2372 534 2468 quoad
560 2376 818 2471 perseverantiam
838 2380 870 2448 in
888 2375 969 2449 statu
991 2396 1103 2449 motus
1117 2378 1171 2449 vel

179 2475 327 2566 quietis.-
361 2476 478 2544 Motus
492 2475 576 2543 enim
589 2471 801 2571 progressivus
813 2474 866 2545 seu
878 2477 1018 2571 corporis
1026 2472 1170 2555 solitarii,

178 2569 235 2642 seu
253 2569 426 2668 systematis
443 2593 617 2666 corporum
631 2597 672 2642 ex
690 2592 783 2642 motu
797 2574 896 2643 centri
910 2573 1075 2670 gravitatis
1088 2569 1173 2643 esti-

179 2670 261 2742 mari
276 2668 395 2766 semper
411 2665 517 2740 debet.

257 2819 362 2894 ottob.
380 2847 433 2917 30.
465 2844 564 2914 1704.

629 3216 732 3287 VIII.

182 3369 282 3459 (26.)
389 3376 631 3443 Onnonunr
657 3368 733 3440 dato
762 3369 862 3466 spatio
893 3366 1109 3447 inclusorum,
1141 3365 1178 3438 dc

404 3466 535 3564 proinde
547 3486 675 3536 motum
690 3464 786 3563 ipsius
804 3465 1056 3562 participantium
1077 3461 1178 3536 iidem

184 3563 257 3634 sunt
276 3586 383 3637 motus
408 3568 490 3637 inter
518 3564 556 3635 se-
577 3560 641 3634 five
670 3564 805 3660 spatium
828 3560 907 3633 ilud
930 3563 1084 3656 quiescat,
1110 3557 1179 3633 five

57 3743 59 3747 ,
172 3670 354 3737 ’moveatur
372 3646 459 3736 idem
484 3661 687 3735 uniformiter
707 3662 739 3733 in
751 3659 924 3745 direstum,
947 3659 1062 3754 absque
1081 3676 1177 3731 motu

187 3759 347 3846 ¹circulari.
893 3792 897 3798 ·

1089 3861 1182 3945 Nam
