2438 4328
164 128 220 222 ’,ο
340 140 343 145 ·
433 121 889 195 rraezrcrrolurs

165 257 288 350 integra
300 245 449 322 velocitas
460 244 653 341 erit'ubique
667 269 704 320 ut
715 248 866 346 ternpor'u
878 242 1014 346 spatium
1029 249 1172 344 quovis

167 354 221 431 illa
233 371 380 446 generans
398 345 526 442 corpori
541 347 748 444 imprimitur.
797 351 896 448 QE.
905 351 952 417 D.

215 449 419 521 corollarium.
458 448 548 516 Cum
574 445 681 538 itaque
708 469 765 543 per
791 445 1006 543 experimenta
1026 440 1170 524 constet,

165 568 301 646 corpora
324 543 449 636 quavis
470 543 506 613 vi
533 544 698 642 gravitatis
718 544 887 615 accelerata
912 540 1097 615 velocitatis
1116 543 1171 616 in·

164 662 325 721 crementa
344 640 483 736 tempori
522 642 747 737 roportionalia
765 639 888 735 ubique
901 636 1036 720 sument,
1058 639 1171 736 liquet

166 746 236 818 vim
256 739 419 836 gravitatis
437 664 641 812 uniitrmiter
657 764 764 839 agere,
789 762 887 833 atque
905 759 1042 836 corpora
1065 736 1170 810 celer*

164 843 247 914 tiene
258 833 475 946 descendentia
487 862 577 932 aeque
586 836 709 952 afficere
722 861 817 933 atque
829 833 1045 950 quiescentia:
1060 833 1170 911 Unde

165 938 613 1128 ssssffliirsissffii
631 932 893 1123 Ξὲξὲἑῗῗῗῗέ
959 1021 976 1091 ε
1039 1015 1114 1069 ¹1

167 1133 217 1205 uis
235 1129 275 1202 ad
292 1152 419 1202 motum
435 1135 564 1204 conatui
581 1132 769 1205 mechanico
781 1129 893 1203 ascribi
930 1172 936 1181 =
1008 1192 1011 1201 .

166 1227 276 1301 debet.
325 1235 450 1299 Omnes
466 1232 551 1301 enim
567 1229 754 1322 hujusmodi
776 1229 896 1325 impul·
953 1220 978 1265 ²

167 1326 218 1400 sus
237 1327 289 1399 vei
308 1347 436 1397 conatus
455 1350 571 1423 corpus
583 1328 742 1422 quiescens
757 1330 895 1399 maxime

167 1447 330 1523 urgerent,
355 1431 468 1517 &quo
481 1427 613 1499 celerius
624 1448 808 1501 moveretur
822 1449 896 1498 cor·

169 1545 241 1620 pus,
262 1523 420 1593 eominus
435 1521 533 1614 usque
550 1524 697 1618 &usque
715 1551 825 1623 urgere
836 1547 897 1622 po-
1040 1584 1059 1632 ς

168 1640 287 1698 terant,
320 1616 423 1692 donec
451 1618 576 1692 tandem
607 1624 764 1696 celeritate
790 1624 896 1720 genita
950 1619 974 1676 3
1081 1616 1121 1682 ‘⁶

167 1715 319 1817 inpulsui
334 1720 494 1832 generanti
515 1722 628 1814 aequali
646 1719 749 1801 fasta,
769 1717 898 1793 cessaret
1008 1748 1016 1761 ·

169 1816 272 1909 qenais
291 1814 462 1914 impulsus,
486 1840 544 1889 nec
567 1818 631 1891 ulla
647 1840 755 1891 motus
778 1819 898 1901 aecelef

169 1916 252 1989 ratio
276 1911 389 1987 deinde
405 1912 601 2009 sequeretur.

196 2145 405 2228 Lemmata
414 2146 470 2229 ad
479 2147 773 2258 Propofitionem
786 2153 870 2266 (4)

255 2342 259 2348 .
953 2283 966 2343 s
1010 2304 1056 2315 ··

173 2357 464 2528 (1.)NUmeri
498 2357 627 2454 impares
659 2359 718 2432 fibi
744 2362 900 2433 continuo
1008 2411 1014 2423 ·

367 2450 468 2526 additi
484 2478 631 2527 numeros
642 2481 751 2531 omnes
763 2457 900 2552 quadra·
1010 2525 1026 2535 .

164 2565 223 2639 „tos
240 2550 426 2623 conficiunt.
477 2554 529 2623 Sic
548 2555 650 2626 unitas
670 2554 716 2627 est
728 2558 900 2653 imparium

170 2670 378 2746 numerorum
402 2651 534 2747 primus,
548 2657 596 2721 ·&
613 2653 707 2723 etiam
726 2651 901 2746 quadrato-

172 2770 248 2819 rum
272 2773 479 2822 numerorum
492 2751 635 2845 primus:
665 2752 698 2820 Si
716 2772 822 2821 autem
839 2774 901 2820 nu·

170 2846 276 2931 merus
294 2849 442 2919 ternarius
459 2847 519 2938 qui
541 2844 587 2914 est
603 2848 771 2941 imparium
790 2846 902 2921 secun-

169 2940 233 3026 dus
240 2938 355 3015 unitati
371 2939 517 3018 addatur,
532 2940 722 3014 conficietur
735 2966 903 3037 quaterna-¹

164 3032 253 3119 Ἠῶ,
285 3037 517 3150 quadratorum
539 3035 719 3122 secundus3
756 3039 903 3139 srporro
961 3052 964 3059 '

174 3152 326 3208 nrunerus
345 3136 508 3228 quinarius
523 3137 810 3230 impariumtertius
822 3164 903 3231 qua·

173 3235 309 3306 ternario
321 3231 471 3306 hasten'uk
490 3231 648 3326 acquisito
661 3233 807 3314 addatur,
826 3259 903 3306 con·
1011 3301 1029 3309 -

170 3330 302 3403 ficietur
318 3333 516 3412 novenarius,
529 3329 758 3425 quadratorum
775 3334 903 3410 tertius,
1010 3411 1026 3422 ,

63 3468 65 3472 -
173 3435 210 3499 &³
232 3431 276 3501 ita
301 3433 332 3502 in
362 3427 534 3500 infinitum.
591 3428 700 3518 Hujus
731 3431 903 3501 Lemmatis

168 3526 258 3628 haud
270 3526 417 3625 ignobilis
432 3523 729 3609 demonstrationem
740 3524 903 3621 duplicem
1011 3506 1058 3534 '⁶

61 3679 62 3682 κ
176 3626 354 3707 afferemus,
381 3625 508 3697 alteram
534 3624 552 3694 ὲ
577 3624 756 3716 Taquetio‚
782 3624 904 3724 epenu
1010 3638 1057 3649 ··

173 3725 306 3826 proprio
319 3726 458 3831 alteram.
507 3722 708 3837 Tacquetius
729 3721 836 3818 itaque
855 3717 899 3792 sic
954 3742 988 3759 ··
