2438 4328
111 149 176 225 130
381 124 810 199 rnffrucrrorvrs
879 94 883 103 ’

107 283 214 337 entem
232 257 358 330 alterius
385 257 512 329 vicibus
533 258 724 339 collocetur,
743 258 806 329 erit
821 252 1022 333 velocitasin
1039 245 1101 351 ipsa

105 356 326 435 distantiarum
338 354 458 426 ratione
473 357 537 427 reci
560 381 646 435 roca,
665 364 698 429 &
711 356 742 427 in
756 351 902 427 distantia
914 355 1044 427 minuce
1055 350 1101 423 al·

107 457 206 529 terius
228 451 270 527 ad
293 446 439 525 amuffinr
460 380 661 548 quadupla:
688 461 722 525 &
743 455 786 524 ita
803 454 837 524 in
853 448 1011 524 ddlantiis
1023 450 1102 541 qui·

107 552 306 646 buseunque.
339 548 443 639 Quod
455 551 488 621 in
501 548 676 647 systemate
687 552 805 643 quovis
817 545 1103 645 Plauetarioprobt

109 645 285 725 meminisse
305 646 480 743 oportebit.

159 750 279 819 XVII.
314 748 444 841 Corpus
461 768 555 816 omne
574 744 678 835 quod,
698 743 788 817 radio
807 742 848 817 ad
863 764 1016 821 centrum
1030 766 1105 814 cor-

110 847 196 944 poris
217 843 344 914 alterius
363 863 526 936 utcunque
539 844 622 913 moti
641 841 752 917 dudo,
772 840 921 913 describit
939 863 1029 912 areas
1040 841 1105 911 cir·

111 968 150 1013 ca
169 961 312 1012 centrum
331 938 413 1011 illud
438 942 634 1037 temporibus
653 940 909 1039 proportionales,
930 957 1070 1035 urgetur
1087 938 1106 1007 l

112 1039 149 1111 vi
168 1032 344 1135 composita
363 1062 403 1109 ex
423 1039 457 1109 vi
477 1040 649 1133 centripeta
667 1035 813 1110 tendente
834 1034 874 1109 ad
892 1058 1009 1134 corpus
1028 1036 1107 1107 alte·

113 1162 200 1216 rum,
221 1141 255 1207 bc
280 1160 321 1206 ex
346 1136 382 1207 vi
400 1138 488 1207 omni
512 1135 726 1209 acceleratrice
748 1161 812 1229 qua
833 1156 946 1230 corpus
967 1134 1107 1205 alterum

114 1254 259 1333 urgetur.
312 1232 345 1303 si
363 1234 447 1305 enim
466 1236 570 1331 primo
586 1233 746 1327 quiescant
765 1233 892 1330 planum
908 1238 1107 1303 &centrum

115 1332 235 1404 virium
253 1326 358 1401 inisto
393 1331 475 1410 lano,
498 1353 588 1401 erunt
607 1356 683 1403 areae
703 1328 900 1428 temporibus
918 1328 1106 1426 proportio-

113 1428 215 1511 nales;
238 1424 357 1500 &frea
381 1454 432 1499 em
449 1428 606 1500 celeritate
630 1453 762 1527 corpora
781 1449 915 1520 utraque
937 1449 995 1522 per
1015 1426 1107 1497 lineas

113 1526 268 1623 parallelas
279 1525 491 1596 accelerentur
506 1525 676 1597 manebunt
689 1551 764 1597 areae
780 1522 977 1621 temporibus
990 1525 1107 1595 enam·

113 1647 193 1697 num
209 1624 467 1722 proportionales.
518 1620 619 1697 Unde
641 1649 717 1695 cum
740 1649 781 1695 ex
801 1620 848 1719 hy
893 1616 976 1693 thesi
998 1644 1106 1692 mane-

114 1743 167 1795 ant
179 1745 255 1795 areat
268 1721 466 1820 temporibus
482 1722 737 1819 proportionales,
757 1744 845 1791 mane
870 1721 943 1791 it&
961 1719 1015 1789 vis
1032 1741 1106 1788 cen-

116 1816 232 1919 tripeta
248 1844 356 1892 earum
376 1818 478 1898 causa,
500 1821 598 1891 &vis
616 1819 819 1891 acceleratrix
846 1816 968 1909 ubique
992 1812 1107 1887 adm

120 1920 300 1989 communis
322 1918 489 1989 celeritatis
508 1917 596 1987 causa
614 1916 765 1987 manebit.

167 2018 268 2083 Caroll.
286 2019 356 2101 (1.)
386 2014 421 2083 Si
441 2036 555 2108 corpus
572 2012 713 2105 quodvis
731 2011 820 2084 radio
834 2008 875 2083 ad
892 2011 1030 2082 alterum
1044 2006 1109 2079 du-

119 2104 175 2178 ἂο
193 2104 348 2179 describat
367 2133 448 2179 areas
468 2110 663 2205 temporibus
678 2109 936 2207 proportionales,
957 2127 1057 2200 atque
1065 2104 1110 2177 de

118 2205 155 2295 ni
169 2223 248 2282 tota,
269 2198 335 2275 five
348 2200 496 2301 simplici,
515 2204 579 2278 srve
592 2208 788 2304 expluribus
806 2205 929 2278 viribus
947 2199 1112 2300 composi·

120 2322 164 2397 ta,
182 2325 247 2394 qua
273 2326 387 2400 corpus
399 2303 486 2398 prius
499 2325 632 2400 urgetur
649 2304 845 2377 subducatur
863 2304 918 2376 vis'
930 2323 1000 2373 tota
1019 2325 1111 2373 acce-

120 2396 247 2481 leratrix
265 2423 330 2491 qua
350 2423 464 2496 corpus
483 2403 616 2474 alterum
634 2425 778 2500 urgetur,
798 2403 847 2473 vis
866 2402 969 2472 omnis
984 2398 1112 2489 reliqua

119 2519 185 2589 qua
202 2520 315 2592 corpus
329 2498 417 2593 prius
432 2521 565 2598 urgetur
583 2500 693 2573 tendet
704 2499 744 2573 ad
761 2523 876 2596 corpus
892 2499 1030 2569 alterum
1041 2516 1111 2565 tan·

120 2617 221 2689 quam
240 2592 281 2667 ad
301 2615 454 2669 centrum.

170 2695 270 2763 Caroll.
298 2699 366 2784 (2.)
394 2698 440 2767 Et
466 2693 491 2767 sr
515 2720 592 2768 areae
613 2697 676 2767 illae
699 2690 760 2766 snt
787 2690 986 2788 temporibus
1011 2713 1114 2783 quam

118 2790 264 2887 proxime
275 2794 534 2889 proportionales,
559 2795 607 2865 vis
624 2792 748 2891 reliqua
759 2787 869 2862 tendet
882 2786 923 2860 ad
936 2810 1054 2884 eorpus
1066 2787 1113 2856 al·

120 2904 226 2960 terum
248 2911 345 2981 quarn
369 2892 528 2985 proxime.

170 2986 272 3054 Coros.
297 2991 313 3069 (
337 2997 366 3073 .)
394 2986 525 3057 'Etvice
544 2983 680 3066 versas
700 2987 747 3059 vis
761 2986 884 3077 reliqua
894 2978 1003 3055 tendat
1011 3005 1114 3075 quam

121 3080 268 3249 proxime
290 3014 331 3153 ad
349 3104 464 3175 corpus
490 3081 638 3163 alterum,
658 3105 750 3157 erunt
775 3106 853 3155 artae
872 3080 934 3152 illae
954 3079 1115 3177 tempori·

89 3261 92 3267 .
147 3200 297 3270 usquam
321 3177 468 3272 proxime
489 3182 745 3276 proportionales.
1001 3230 1006 3237 -

171 3276 274 3363 Coros.
294 3278 365 3369 (4.)
393 3276 427 3345 Si
446 3300 573 3374 corpus,
592 3275 683 3351 radio
704 3276 744 3350 ad
760 3280 895 3350 altertun
910 3298 1025 3372 corpus
1038 3270 1116 3354 ’ἀη-Ι

100 3411 103 3416 -
124 3372 192 3451 oto,
212 3364 366 3447 describat
384 3397 467 3445 areas
483 3399 558 3481 quae
572 3401 649 3447 cum
671 3374 869 3471 temporibus
889 3375 1013 3445 collatae
1038 3370 1112 3442 sunt

123 3465 217 3541 valde
228 3467 411 3565 inaequales,
439 3477 472 3541 δι
490 3497 606 3569 corpus
625 3472 707 3546 illud
733 3473 865 3544 alterum
891 3471 944 3542 vel
969 3468 1115 3565 quiescat

122 3567 177 3637 vel
192 3586 359 3655 moueatur
371 3565 575 3645 uniformiter
588 3573 621 3641 in
631 3568 805 3650 diredlum,
821 3569 906 3641 assio
923 3570 974 3643 vis
992 3570 1115 3639 centri·

125 3680 207 3759 petae
231 3658 271 3732 ad
293 3687 408 3762 corpus
431 3664 514 3737 illud
537 3668 672 3741 alterurn
695 3666 850 3741 tendentis
875 3668 928 3738 vel
950 3666 1038 3738 nulla
1052 3661 1114 3741 est,

126 3760 181 3849 vel
196 3756 348 3837 miscetur
374 3767 409 3835 δι
427 3764 631 3859 perturbatur
656 3765 696 3839 ab
720 3766 787 3839 aliis
806 3763 942 3837 viribus.
990 3766 1040 3836 Et
1065 3762 1121 3833 vis

1044 3875 1117 3929 (0ῒῖ
