2438 4328
171 152 217 219 66
445 146 889 217 PRrAELECTIONES

173 267 454 368 regredieturcum
462 290 617 366 unaparte
625 265 735 343 amisso
743 290 835 340 motu
843 270 912 351 suo,
930 272 964 340 δι
982 276 1037 353 (ut
1049 269 1095 343 ita
1105 264 1160 343 di·

175 370 327 457 cam)un3
356 388 421 439 arte
430 369 575 465 amplius,
584 365 838 463 velregredietur
848 365 1162 463 cumpattibusdua·

174 466 244 541 bus,
259 466 303 537 ob
339 467 496 537 etraclum
509 486 635 536 motum
643 462 875 562 progreffivum
883 466 1020 562 partitam
1031 462 1164 539 duode-

176 566 258 645 cim;
286 571 350 644 &a
367 567 479 655 Atque
493 567 537 636 ita
551 562 680 633 summa
695 584 844 634 motutun
856 561 1100 660 conspirantium
1114 580 1160 654 15

178 678 219 753 4
233 686 263 740 1,
277 663 331 731 vel
341 671 383 731 16
397 675 432 753 4
449 685 484 742 0,
509 681 604 752 atque
619 662 713 730 etiam
725 657 914 733 differentia
928 661 1164 735 contrariorum

182 780 223 851 17
240 794 284 812 ·-
305 781 318 826 1
339 759 391 828 vel
409 757 448 830 18
469 796 512 814 —
526 782 558 837 2,
583 755 701 853 semper
714 759 774 830 erit
786 761 925 854 partium
945 755 1096 837 sedecim,
1122 777 1165 847 ut

177 872 247 926 ante
264 853 454 927 concursum
471 853 740 927 &reflexionem
797 854 899 947 Qrod
922 855 1163 953 incorporibus

177 947 607 1048 perfecteelasticisevenien
634 954 684 1022 uti
695 953 867 1049 exlegibus
878 948 1165 1027 motusdeiisdem

179 1049 265 1146 prius
279 1048 439 1145 exposrtis,
466 1056 499 1118 δι
518 1075 559 1120 ex
580 1048 661 1120 infra
683 1047 825 1121 dicendis
838 1049 878 1122 de
900 1047 1085 1146 impersedte
1099 1052 1164 1122 ela·

179 1144 265 1219 streis
288 1145 357 1219 satis
376 1148 511 1243 intelligi
528 1149 656 1244 poterit.
714 1149 862 1243 Cognitis
889 1168 995 1219 autem
1019 1149 1166 1220 motibus

179 1242 372 1338 quibuscum
387 1269 521 1341 corpora
533 1241 604 1340 post
625 1242 830 1315 reflexionem
851 1268 907 1342 per
947 1265 995 1323 nt,
1020 1246 1165 1318 invenie·

179 1363 235 1415 tur
262 1341 419 1435 cujusque
440 1343 590 1414 velocitas
615 1339 686 1437 post
711 1339 841 1413 eandem
866 1269 1087 1422 reiixionem,
1105 1366 1165 1439 po-

180 1436 285 1509 nendo
296 1437 433 1511 eamesle
447 1436 487 1511 ad
498 1440 700 1511 velocitatem
712 1460 781 1509 ante
795 1437 1013 1519 reflexionem,
1038 1462 1078 1512 ut
1092 1464 1165 1511 mo·

164 1555 233 1615 ¹tus
250 1533 332 1629 post,
356 1534 396 1607 ad
413 1558 540 1607 motum
557 1557 638 1607 ante.
689 1541 742 1608 Ut
754 1536 865 1608 incasu
881 1538 1008 1617 ultimo,
1018 1535 1078 1610 ubi
1092 1562 1166 1606 cor-

182 1633 267 1731 poris
287 1639 327 1700 A
344 1653 451 1706 motus
474 1654 540 1705 etat
559 1636 695 1731 partium
717 1635 769 1703 sex
797 1656 866 1706 ante
886 1634 1106 1714 reflexionem,
1133 1640 1174 1716 δι,

181 1731 320 1827 partium
335 1729 519 1802 octodecim
532 1728 650 1828 postea,
666 1739 699 1801 δι
713 1732 862 1803 velocitas
875 1733 1014 1828 partium
1028 1728 1173 1821 duarum.

182 1849 252 1905 ante
271 1825 491 1909 reflexionem,
516 1829 694 1900 invenietur
708 1830 775 1920 ejus
790 1831 939 1901 velocitas
960 1831 1100 1926 partium
1114 1828 1166 1900 sex

183 1923 255 2022 post
270 1923 487 2004 reflexionem,
512 1922 662 2007 dicendo,
686 1925 777 2016 juxta
791 1928 933 2024 regulam
957 1951 1082 1999 auream
1089 1953 1101 2008 ;
1130 1946 1174 2010 ut,

184 2043 292 2095 motus
298 2043 398 2119 partes
412 2021 464 2092 sex
478 2042 547 2092 ante
558 2020 775 2106 reflexionem,
789 2022 945 2097 admotus
958 2046 1060 2120 partes
1074 2024 1173 2095 odeo·

185 2116 292 2192 decim
303 2117 422 2214 postea,
447 2119 491 2189 ita
512 2121 688 2192 velocitatis
715 2143 811 2218 partes
833 2118 905 2192 duae
928 2143 997 2194 ante
1015 2121 1171 2197 reflexio-

186 2239 272 2296 nem,
296 2213 337 2289 ad
355 2214 534 2288 velocitatis
552 2240 651 2312 partes
664 2216 716 2287 sex
731 2216 849 2315 postea.
898 2225 987 2303 Cum
999 2219 1085 2291 enim
1097 2243 1171 2290 mo-

186 2333 238 2386 tus
251 2314 408 2406 quantitas
421 2315 540 2385 oriatur
560 2339 600 2384 ex
618 2317 785 2388 velocitate
807 2322 840 2385 δι
859 2314 1079 2413 magnitudine
1092 2338 1176 2387 con-

185 2410 335 2503 junctim,
361 2409 480 2487 indato
495 2436 625 2509 corpore
641 2434 748 2484 motus
769 2415 924 2506 quantitas
942 2440 982 2485 ex
998 2415 1173 2485 velocitate

187 2507 250 2581 sola
265 2504 483 2589 aestimabitur,
508 2531 601 2603 atque
616 2508 695 2581 adeo
709 2512 865 2604 quantitas
880 2532 985 2589 motus
1000 2517 1033 2581 δι
1047 2512 1174 2583 veloci-

188 2608 262 2680 tatis
275 2628 367 2681 erunt
381 2604 441 2680 srbi
460 2609 599 2680 invicem
616 2608 736 2679 diresle
759 2609 1017 2704 proportionales.
1049 2605 1174 2702 'Qod

189 2703 214 2778 fi
234 2731 368 2803 corpora
382 2731 444 2779 non
460 2704 620 2804 spherica,
645 2706 698 2777 vel
710 2703 840 2777 diverfis
856 2707 889 2779 in
903 2706 993 2778 rectis
1007 2706 1176 2777 moventia

188 2802 328 2879 incidant
342 2806 374 2876 in
388 2804 417 2875 se
429 2825 546 2877 mutuo
558 2805 703 2896 oblique,
716 2806 961 2896 &requirantur
974 2827 1089 2874 eorum
1098 2827 1174 2874 mo·

189 2923 241 2974 tus
258 2901 329 2997 post
343 2901 561 2978 reflexionem,
587 2897 820 2996 cognoscendus
830 2898 877 2972 est
891 2891 967 2978 situs
981 2902 1064 2998 plani
1079 2924 1175 2993 aquo

188 3020 323 3093 corpora
343 2998 563 3071 concurrentia
585 3019 758 3094 tanguntur
780 2999 811 3070 in
838 3001 958 3094 pundo
979 2995 1177 3079 concursus,·

189 3093 264 3168 dein
277 3098 418 3190 corporis
431 3092 597 3185 utriusque
603 3117 708 3167 motus
716 3092 957 3192 distinguendus
970 3093 1016 3171 est
1030 3098 1064 3168 iu
1075 3093 1175 3173 duos,

190 3218 292 3268 unum
306 3190 384 3264 huic
396 3193 489 3289 plano
500 3190 797 3290 perpendicularem,
823 3195 956 3266 alterum
976 3190 1082 3265 eidem
1101 3215 1174 3288 par·

191 3294 337 3372 allelum3
363 3311 470 3362 motus
488 3312 593 3362 autem
613 3291 768 3386 paralleli,
793 3312 954 3387 propterea
971 3288 1062 3382 quod
1084 3289 1176 3372 nullo

191 3387 292 3462 modo
311 3382 371 3459 fibi
382 3385 590 3469 adversantur,
616 3387 802 3485 corporibus
817 3391 848 3460 in
867 3387 1048 3469 seinvicem
1063 3386 1175 3459 secun·

191 3485 273 3559 dum
286 3480 400 3558 lineam
414 3483 491 3559 huic
503 3490 594 3583 plano
609 3484 898 3583 perpendicularem
921 3485 1109 3583 agentibus,
1123 3508 1178 3557 re-

192 3581 315 3656 tinendi
332 3583 403 3654 sunt
431 3582 531 3658 iidem
560 3582 631 3680 post
661 3583 867 3655 reflexionem
888 3604 982 3677 atque
1004 3604 1110 3664 antea3
1140 3587 1176 3652 de

191 3680 334 3754 motibus
347 3680 655 3777 perpendicularibus
671 3682 860 3753 mutationes
879 3683 1012 3774 aequales
1027 3684 1060 3754 in
1074 3699 1178 3777 partes⁴

193 3779 363 3855 canonias
376 3772 553 3855 tribuenda
567 3779 651 3861 sunt,
677 3775 721 3858 sic
735 3797 772 3850 ut
790 3781 908 3863 sumana
927 3777 1182 3946 cop-spirantiutg
