2438 4328
176 255 243 341 3²4
457 222 887 308 aavaaarrromt'r

169 368 247 441 licet
263 368 357 465 longe
377 365 555 439 viridioris.
603 364 733 461 Quippe
757 362 902 436 lucidior
930 384 1006 438 erat
1029 365 1085 440 bic
1109 364 1155 441 (οἱ

175 486 260 538 meta
279 468 377 536 altero
391 465 459 543 illo,
483 464 543 556 qui
556 460 655 533 infine
671 462 741 532 mni
753 459 973 558 precedentis
986 484 1155 562 apparuere,

175 569 211 633 &
230 587 306 634 cum
325 557 419 631 stellis
439 561 549 656 prima
568 583 618 630 ma
663 557 794 630 itudinis
820 557 1074 634 conferebatur.
1115 566 1154 634 la

172 657 285 732 titudo
301 657 445 753 capillitii
464 677 531 728 erat
548 680 638 748 quaa
655 661 703 736 6',
728 675 758 726 at
780 656 917 728 nucleus
948 669 1035 730 cu'm
1054 660 1153 731 Planet'r

177 780 240 854 ope
271 754 365 824 Tubi
390 755 492 851 optici
511 755 654 832 collatus,
680 752 767 848 plane
794 753 903 823 minor
926 768 1007 827 erat'
1027 761 1153 857 Jove-lt

178 875 263 923 nunc
282 852 386 921 minor
405 874 541 948 corpore
559 847 749 921 intermedio
773 851 913 931 Saturni,
944 875 1038 924 nunc
1062 850 1115 951 ips
1129 877 1163 924 a·-

178 949 279 1041 qualis
294 945 509 1037 judicabatur.
558 955 659 1018 Porto
671 971 746 1018 cum
759 943 919 1020 diameter
933 950 1102 1045 Capillitii
1111 954 1155 1021 Co
1174 1016 1181 1057 4

178 1067 333 1117 metarum
343 1041 883 1140 ratosuperct8'vel12‘,diameter
894 1068 989 1118 vero
999 1047 1157 1119 Nucleiscu

179 1137 1158 1243 stellaecentralisfitquafidecimarelsortedecimaquintapaa

177 1236 325 1310 diametri
343 1241 498 1338 capillitii,
524 1259 609 1337 patet
631 1240 737 1309 Stellas
757 1233 846 1307 hasce
875 1258 915 1310 ut
937 1241 1118 1335 plurimum
1133 1267 1157 1314 e·

176 1333 301 1428 jusdem
315 1333 375 1408 else
390 1337 561 1434 apparentis
577 1331 802 1432 magnitudinis
815 1359 892 1406 cum
906 1338 1068 1410 Planctis.
1085 1338 1160 1414 Unde

180 1456 256 1504 cum
280 1435 337 1504 lux
362 1456 476 1505 eorum
505 1459 582 1505 cum
604 1434 675 1504 luce
699 1432 824 1503 Saturni
851 1455 917 1502 non
940 1458 1023 1507 raro
1049 1435 1162 1523 conferti

177 1527 286 1629 poisat,
311 1554 444 1627 eamque
455 1529 623 1623 aliquando
635 1533 757 1626 superet
764 1553 774 1608 ;
802 1527 1023 1604 manifestum
1035 1530 1161 1628 estquod

178 1631 329 1700 Comctae
348 1652 455 1699 munes
482 1631 513 1699 in
534 1623 694 1698 Peribeliis
710 1625 764 1696 vel
782 1623 861 1696 infra
881 1629 1070 1702 Saturnum
1085 1632 1162 1704 collo

177 1723 270 1799 candi
295 1723 368 1806 smt,
400 1727 452 1797 vel
466 1748 536 1796 non
561 1725 655 1834 longe
683 1722 781 1819 supra.
831 1722 958 1796 Errant
987 1728 1094 1824 igitur
1110 1750 1164 1802 toto

176 1825 264 1895 'coelo
276 1825 335 1916 qui
350 1829 501 1901 Cometas
516 1823 547 1893 in
563 1843 724 1919 regionem
734 1819 886 1890 Fixarum
917 1844 1008 1920 rope
1019 1823 1163 1924 ablegant:

176 1940 241 2011 qua
260 1940 346 1990 certe
367 1922 485 1990 ratione
505 1942 566 1988 non
592 1919 691 2028 magis
719 1912 864 1988 illustrari
888 1843 1059 1992 deberent
1076 1924 1164 1994 {Sole

174 2013 296 2093 nostro,
319 2039 417 2107 quam
435 2016 580 2095 Planetae,
604 2039 662 2107 qut
677 2010 824 2092 hicsunt,
848 2010 1166 2093 illustranturiSoel·

29 2142 33 2152 ¹
178 2111 216 2180 la's
234 2109 320 2180 fixis.
768 2118 771 2125 '

226 2208 312 2276 Haec
332 2203 561 2304 disputavimus
580 2231 641 2278 non
665 2205 895 2280 considerando
912 2209 1167 2284 obscurationem

178 2302 390 2375 Cometarum
399 2303 591 2402 perfumum
605 2307 696 2377 illum
708 2306 846 2377 maxime
861 2307 1042 2403 copiosum
1055 2305 1166 2381 &ctas-

177 2399 262 2480 sum,
284 2426 353 2495 quo
373 2420 468 2500 caput
490 2401 716 2481 circundatur,
734 2394 823 2495 quali
845 2425 901 2496 per
917 2404 1051 2476 nubem
1069 2403 1166 2478 obtuse

52 2509 54 2514 '
177 2498 435 2596 semper'lucens.
486 2505 574 2573 Nam
597 2519 716 2593 quanto
727 2498 901 2570 'obscurius
925 2500 1090 2574 redditur
1105 2527 1167 2574 cor·

174 2617 235 2693 pus
248 2620 303 2692 per
321 2593 407 2667 hunc
423 2596 564 2676 fumum,
589 2616 677 2668 tanto
700 2599 827 2692 propius
845 2594 884 2666 ad
907 2599 1026 2670 Solem
1049 2597 1166 2672 accedat
1218 2652 1219 2671 i

131 2761 135 2767 .
176 2690 296 2764 necesse
309 2691 368 2773 est,
395 2714 432 2765 ut
449 2686 543 2790 copia
563 2693 678 2765 lucisl
702 2691 865 2764 se³aellexa
878 2695 1028 2767 Plane'tas
1046 2697 1167 2768 aemule-

176 2810 242 2862 tur.
293 2787 558 2863 Indiaverifimile
576 2788 614 2861 fit
633 2794 783 2865 Cometa
796 2791 890 2888 longe
910 2789 1002 2865 infra‘
1014 2791 1168 2891 Spbaeram

177 2890 303 2959 Saturni
315 2885 514 2969 descendere,
538 2888 588 2959 uti
605 2910 646 2958 ex
659 2889 809 2959 Parallaxi
825 2886 1052 2984 probavimus.
1080 2889 1166 2962 Idem
1211 2982 1215 2987 ἡ

176 3006 372 3077 veroquam
394 2983 762 3056 maxime-confirmatur
780 3008 821 3055 ex
843 2982 979 3056 Caudis.
1034 2988 1102 3058 Ha
1123 2985 1168 3058 vel

177 3103 220 3153 ex
232 3079 405 3154 reflexione
416 3080 606 3179 fumi-sparsa
622 3104 679 3177 per
694 3080 820 3156 athera,
845 3083 950 3153 velex
966 3082 1046 3155 luce
1063 3083 1167 3180 capitis

176 3179 338 3251 oritmtur.
387 3180 498 3251 Priore
510 3178 579 3250 casu
594 3177 769 3269 minuenda
777 3176 825 3250 est
840 3176 990 3250 distantia
1013 3184 1165 3270 Cometa·

177 3297 264 3357 tum,
289 3301 327 3347 ne
343 3275 487 3348 fumus³l
508 3277 624 3372 Capite
643 3274 762 3374 semper
780 3296 867 3348 ortus
883 3274 1062 3373 per'spatia‘
1079 3278 1166 3349 nimis

179 3375 280 3469 'ampla
299 3372 480 3446 incredibili
496 3394 572 3444 cum
597 3374 768 3457 velocitate
790 3379 824 3444 δι
843 3369 1037 3470 expanfioue
1056 3398 1166 3472 propa·

173 3490 280 3568 getur.
330 3476 369 3542 In
383 3469 560 3568 posteriore
572 3469 732 3542 referenda
748 3467 794 3542 est
811 3471 869 3541 lux
887 3471 993 3541 omnis
1012 3492 1080 3544 tam
1097 3496 1166 3542 cau·

172 3567 226 3639 dae
238 3591 337 3661 quam
354 3570 499 3665 capillitii
512 3564 553 3640 ad
574 3569 741 3640 Nucleum
755 3568 877 3665 capitis.
927 3566 1078 3662 Igiturli
1088 3569 1162 3640 ima·

172 3665 323 3763 ginemur
337 3660 445 3737 lucem
458 3663 539 3755 hanc
551 3686 679 3737 omnem
698 3665 884 3762 congregari
899 3670 934 3735 δι
947 3664 1032 3737 intra
1044 3663 1167 3736 discum

177 3763 301 3836 Nuclei
319 3763 483 3844 coarctari,
510 3764 656 3835 Nucleus
672 3763 724 3834 ille
741 3761 804 3853 jam
828 3782 925 3841 certe,
949 3764 1083 3854 quoties
1094 3785 1165 3832 cau-

174 3859 250 3951 dam
262 3852 433 3946 maximam
446 3866 482 3932 dt
498 3857 760 3957 fulgentissimam
773 3860 908 3940 etuittit,
929 3863 1053 3958 Jovem
1064 3861 1165 4025 ispllum

251 4004 257 4013 .
1081 3977 1166 4050 qen.
