2438 4328
153 123 221 224 248
438 122 870 205 restinctionis
920 92 924 98 ’

160 255 303 344 stmtiam
319 254 412 327 unius
431 251 538 351 pedis;
566 277 606 323 eo
625 248 717 346 quod
736 276 777 323 ex
797 247 972 322 necessitate
994 269 1157 330 motuum

160 353 354 454 pervediem
378 353 430 422 vel
454 349 595 432 stateram
619 351 867 439 conjunctorum
879 347 948 418 sreri
961 373 1028 419 non
1047 345 1158 449 potest

159 452 239 546 quin
255 446 377 546 pondus
388 450 523 520 unicum
536 473 612 518 cum
626 450 807 531 velocitate,
830 447 1011 522 velocitatis
1024 447 1159 517 alterius

143 543 308 646 ‘ponderis
335 543 509 640 quadrupla
535 566 729 616 moveatur:
764 563 860 638 atque
887 541 968 621 adeo
998 545 1161 636 aequalem

164 646 234 718 uim
250 651 283 713 δι
303 667 390 740 pares
412 640 545 713 effecius
563 662 601 711 ut
622 649 697 712 inter
713 641 891 711 movendum
910 637 1028 710 habeat
1042 637 1093 710 est
1104 663 1162 710 ne·-

162 738 294 827 ceffum.
342 745 425 808 Inter
437 738 628 817 movendum,
643 739 784 832 inquam,
797 739 900 818 minus
912 734 1159 833 aequiponderat

168 836 235 910 five
254 835 423 928 equivaset
448 835 585 927 majori:
618 859 676 906 nec
699 835 764 906 sane
785 836 892 920 aliter:
919 835 970 904 uti
992 856 1157 930 perperam

166 934 311 1032 plerique
323 931 500 1017 existimare
511 930 673 1004 videntur.
722 939 758 1000 Si
798 930 895 1001 nando
915 930 1004 1002 enim
1017 929 1158 1024 quiescit

167 1027 324 1118 machina,
349 1030 450 1126 palam
474 1027 743 1126 est'gravitatem,
770 959 835 1100 sive
849 1024 1063 1194 sspressionem,
1090 1023 1164 1097 sive·

168 1128 239 1214 vim
255 1127 382 1223 majoris
394 1123 455 1199 esse
473 1151 581 1205 revera
592 1128 767 1224 gravitatis,
792 1149 846 1222 pre
873 1125 966 1205 tonis,
980 1130 1016 1194 &
1030 1125 1080 1197 vis
1090 1125 1156 1207 mi.-.

169 1226 253 1296 noris
268 1227 398 1311 omnino
412 1222 620 1321 quadruplam
629 1251 640 1306 3
667 1249 724 1310 nec
740 1224 844 1293 ullum
861 1223 892 1294 in
908 1245 948 1292 eo
964 1218 1037 1304 casir
1050 1221 1155 1313 aequi-

168 1319 326 1420 pondium
351 1318 595 1417 expedandum.
648 1319 708 1416 [Si
728 1320 845 1417 quando
868 1321 999 1412 inquam
1015 1317 1158 1412 quiescat

166 1415 326 1490 machina.
378 1424 466 1489 Nam
490 1416 513 1498 si
541 1415 686 1514 physice,
718 1438 772 1488 aut
799 1415 906 1486 saltem
931 1413 1159 1487 mathematice

171 1515 354 1606 loquamur,
378 1516 502 1585 nullum
517 1538 632 1612 corpus
644 1516 773 1585 omnino
785 1513 934 1605 quiescit,
947 1510 1003 1600 sed
1014 1512 1077 1583 ubi
1090 1535 1160 1582 mo·.

171 1626 269 1698 tuum
291 1611 428 1687 celeritas
445 1613 564 1683 tantilla
586 1609 644 1690 est,
669 1613 739 1682 uti
759 1607 893 1680 senfibus
912 1606 1024 1688 nostris
1036 1609 1162 1706 percipi

173 1730 322 1800 nequeat,
341 1733 474 1803 corpora
488 1707 649 1800 quiescere
663 1705 833 1802 dicimus.]
886 1711 1002 1800 Itaque
1017 1706 1081 1778 ubi
1096 1729 1162 1776 area

171 1805 318 1887 sedionis
340 1804 527 1903 cylindricae
546 1830 635 1897 aquae
647 1802 693 1874 est
710 1807 803 1876 unius
823 1824 945 1875 tantum
965 1801 1056 1899 pedis
1081 1827 1163 1896 qua,

41 1951 58 1984 s
174 1902 270 1984 drati,
294 1902 455 1975 descendit
477 1905 528 1974 illa
552 1904 702 1996 centuplo
728 1903 780 1971 vel
801 1900 987 1996 millecupso
1002 1901 1161 1978 velocius,

175 2023 273 2091 quam
293 2000 350 2085 ubi
367 2024 435 2070 area
455 1997 511 2084 ista
525 2002 676 2094 centuplo
691 2000 743 2086 vel
762 1999 948 2097 millecuplo
966 1995 1069 2087 major
1083 1995 1162 2092 sup-

175 2095 327 2191 ponitur:
355 2116 451 2188 atque
469 2093 505 2183 id
519 2092 598 2180 adeo
614 2095 705 2188 quod
723 2120 804 2188 aqua
825 2096 856 2168 in
872 2098 943 2165 vase
964 2100 1160 2175 contenta&

177 2191 190 2262 i
213 2189 280 2279 sum
303 2213 437 2284 quoque
463 2216 516 2263 vas
535 2191 696 2277 continens
725 2194 755 2278 in
773 2193 899 2284 aliquali
926 2211 1020 2261 motu
1042 2189 1164 2286 semper

175 2213 249 2372 tiint
267 2283 380 2384 pofita,
405 2310 509 2381 neque
535 2311 676 2381 unquam
696 2288 811 2387 absque
835 2289 925 2358 omni
946 2308 1042 2374 motu
1058 2287 1164 2382 quies-

174 2407 249 2463 cere
268 2406 402 2480 queunt,
452 2386 551 2478 Alias,
584 2405 620 2473 ut
651 2388 781 2475 omnino
805 2384 966 2468 existimo,
1000 2385 1163 2478 quiescens

178 2505 270 2574 aquae
285 2483 433 2571 columna
448 2483 597 2578 centuplo
616 2486 669 2554 vel
682 2484 868 2578 millecuplo
881 2482 997 2571 major,
1020 2482 1163 2552 absoluta

176 2579 230 2650 sua
252 2580 407 2676 gravitate
433 2581 583 2673 centuplo
601 2581 654 2652 vel
667 2581 851 2676 millecuplo
875 2577 993 2667 majore
1014 2577 1160 2675 praedita,

176 2699 293 2770 aquam
317 2681 352 2747 dc
374 2701 427 2759 vas
441 2676 632 2770 quiescentia
650 2676 786 2774 pondere
808 2678 958 2774 centuplo
984 2676 1037 2747 vel
1060 2676 1165 2746 mille·

143 2793 149 2820 ‘
177 2775 275 2871 cupio
289 2795 477 2872 premerent,
500 2843 502 2847 ,
528 2774 626 2847 Casus
645 2776 729 2867 enim
750 2772 842 2844 hicce
855 2771 902 2845 est
919 2772 1061 2864 ejusdem
1075 2774 1164 2868 peni·

179 2890 232 2941 tus
247 2893 366 2952 naturae
382 2896 457 2949 cum
477 2893 518 2942 eo
533 2867 683 2967 syphonis
704 2867 818 2965 inverfi
839 2895 970 2950 crurum
988 2867 1165 2941 admodum

179 2967 402 3064 inaequalium
417 2964 475 3048 ubi
488 2964 562 3060 ideo
574 2989 698 3052 tantum
710 2966 749 3040 fit
759 2967 988 3060 aequilibtium,
1002 2967 1097 3060 quod
1109 2992 1166 3038 ve·

128 3133 130 3138 .
179 3064 326 3140 locitates
355 3062 489 3140 ascensus
512 3063 723 3144 &descensus
742 3064 832 3158 aquae
852 3066 884 3135 in
905 3087 1048 3160 utroque
1068 3066 1166 3136 canali

166 3185 224 3258 eie
240 3181 350 3232 natura
362 3159 512 3259 syphonis
532 3157 592 3256 fint
606 3159 774 3261 necessario
796 3164 966 3256 quantitati
984 3164 1168 3258 aquaeteci-

177 3279 276 3354 proce
294 3259 553 3354 proportionales,
1039 3340 1045 3361 Ι

197 3447 199 3452 .
231 3359 334 3438 Coroll.
356 3360 426 3444 (1.)
454 3364 608 3443 Premunt
630 3382 711 3454 ergo
729 3356 831 3429 fluida
849 3382 986 3455 non-pto
1006 3358 1168 3449 quantita·

181 3453 223 3537 tis
231 3454 372 3561 materie
383 3456 563 3550 prementis,
579 3453 632 3546 sed
644 3453 850 3551 astimdinum
856 3452 1167 3556 perpendicularium

180 3568 313 3624 ratione.
632 3572 635 3577 ’
916 3555 922 3574 ¹

200 3631 203 3636 ’
232 3648 332 3737 Certis,
346 3651 416 3738 (ῃ)
445 3647 579 3738 Proinde
603 3650 705 3748 Orbi}
724 3651 864 3748 Ligneus
879 3647 920 3720 ad
940 3646 1081 3721 fundum
1099 3648 1167 3718 fere

172 3739 285 3841 tue
298 3765 379 3860 aqua
404 3745 503 3840 plene
519 3745 677 3845 demersus
695 3743 1077 3844 adsumam-meret
1101 3768 1165 3909 ¹²ss¹¹

544 3887 547 3891 ,
1102 3865 1123 3910 0
1147 3881 1166 3917 ἱ
