2438 4328
185 132 258 235 ³330
452 132 900 206 FMBBCTIONB'S

233 269 329 339 larem
346 260 602 338 transmiliioncm
615 266 702 338 liscis-
712 284 769 362 ptr
783 266 886 339 eoelos
900 267 1156 371 abipnenmnin

186 290 343 438 lirnium
356 358 502 436 senlibili.
553 365 678 456 Nequis
693 361 866 436 contendat
879 365 1157 460 quoduamlaru

189 463 305 535 soleant
316 459 421 533 videri
438 462 470 532 in
489 462 635 538 Cometis
652 486 728 532 cum
745 484 860 533 corum
879 465 946 537 lure
970 488 1041 538 non
1061 462 1157 541 estitit

187 560 295 641 fortis,
307 561 383 654 quia
399 579 477 629 turne
488 554 567 629 radii
581 556 753 630 secundarii
767 581 831 629 non
844 555 977 635 habent
988 563 1158 635 sasisurm
1191 626 1194 631 ,

189 655 230 730 ad
241 658 352 731 oculos
372 653 558 735 movendos,
583 661 619 726 dc
694 676 798 753 pterea
816 654 941 731 caudas
966 658 1110 733 fixarum
1123 684 1158 735 nn

189 757 295 827 cerni:
320 749 482 823 sciendum
502 750 607 845 est.qu
665 755 721 825 lux
741 751 880 826 fixarum
895 756 980 853 plus
995 761 1160 830 cennrnri

190 850 284 923 cibus
301 853 411 948 augeri
428 847 533 946 potest
545 849 754 922 mediantibus
768 850 988 952 Telestupiis
1016 878 1077 928 nne
1091 875 1160 930 true

191 946 301 1020 caudae
322 968 504 1020 cernuntur.
560 948 754 1020 Planetamm
775 971 909 1044 quoque
937 952 1011 1022 lux
1036 951 1161 1051 copiolu

190 1042 249 1124 est,
274 1043 383 1116 cauda
402 1066 480 1115 vero
495 1045 611 1116 nullae:
637 1050 785 1118 Cometa
803 1066 910 1126 sutem
930 1048 1024 1145 saepe
1042 1047 1164 1122 caudrnl

101 1140 105 1145 ’
192 1138 263 1213 frmi
283 1142 366 1222 sunt,
392 1141 448 1212 ubi
469 1143 610 1240 capitum
625 1145 685 1215 lux
698 1145 798 1217 tenuis
816 1141 863 1217 est
877 1148 913 1215 ἅ
934 1143 1045 1218 ualde
1060 1146 1164 1219 obtul:

191 1232 236 1310 lic
252 1241 337 1311 enirn
358 1240 496 1311 Cometa
517 1242 604 1312 Anni
632 1238 731 1320 1680,
757 1239 869 1313 Mense
895 1242 1101 1324 Decembri,
1121 1268 1167 1339 qen

60 1423 67 1437 ·
188 1357 331 1435 ternpore
355 1357 451 1447 caput
477 1337 551 1406 lnce
581 1335 632 1407 sua
656 1338 714 1407 vix
734 1336 878 1431 aquabat
908 1335 1024 1412 stellas
1051 1339 1167 1412 secunda

191 1430 431 1531 magnitudinis,
456 1429 589 1506 caudam
608 1434 773 1508 emittebat
793 1431 961 1531 splendore
986 1437 1168 1510 notabilinl

193 1550 259 1625 que
277 1528 318 1603 ad
336 1527 450 1628 gradus
466 1555 524 1626 40,
551 1551 605 1622 50,
620 1542 663 1603 60
684 1529 941 1629 longitudinis&
957 1534 1073 1607 ultraz
1089 1533 1170 1632 polet

191 1631 264 1730 Jan.
281 1633 373 1725 27&
389 1626 433 1698 28
453 1618 549 1723 caput
562 1623 725 1725 apparebit
743 1649 779 1700 ut
792 1627 877 1700 liclla
892 1625 1052 1727 septimus
1070 1653 1171 1706 tantun

93 1742 99 1754 ·
192 1721 437 1824 magnitudinis,
467 1721 566 1797 cauda
590 1749 668 1796 vero
694 1725 766 1796 luce
797 1723 936 1818 quidem
958 1731 1118 1824 pertenui
1139 1715 1174 1800 Μ

191 1823 261 1895 sutis
284 1818 417 1895 senllbili
434 1823 525 1919 longa
539 1842 604 1893 erat
624 1833 647 1894 6
662 1822 714 1893 vel
731 1849 753 1917 7
772 1820 902 1919 gradus,
930 1828 966 1899 dt
982 1826 1068 1907 luce
1081 1825 1175 1898 obses

189 1916 317 1999 nnuma,
342 1942 415 2013 que
429 1920 517 1989 cerni
535 1916 592 1988 vix
612 1914 723 2013 pollet,
747 1918 973 2016 porrigebatur
988 1919 1038 1993 ad
1056 1921 1176 2024 gradum

193 2018 293 2108 usque
318 2012 549 2087 duodecimum
567 2015 619 2085 vel
639 2015 735 2111 paulo
754 2016 861 2088 ultra:
886 2034 928 2086 ut
949 2015 1055 2116 supra
1067 2019 1177 2093 dietum

190 2107 249 2180 est.
300 2109 363 2183 Sed
377 2110 497 2181 &Feb
510 2134 533 2196 9
548 2117 582 2180 &
603 2134 643 2181 ro
660 2112 716 2183 ubi
728 2133 822 2210 caput
838 2109 936 2182 nudis
952 2116 1072 2188 oeulis
1091 2115 1179 2190 videri

189 2200 334 2286 deflerat,
360 2203 493 2279 caudam
506 2205 622 2305 gradus
633 2204 716 2278 duos
732 2211 857 2309 longam
876 2230 936 2307 per
951 2212 1179 2313 Telefcopiun

191 2303 419 2400 contemplatus
441 2300 521 2374 lum.
571 2310 669 2375 Porro
696 2303 720 2376 fi
746 2302 845 2378 cauda
867 2305 1022 2379 oriretur·
1038 2334 1086 2382 ex
1100 2309 1181 2383 rein·

192 2400 298 2472 &ione
314 2401 451 2473 muteriae
471 2397 616 2482 coelestis,
641 2409 676 2472 bc
693 2425 751 2500 pro
767 2401 869 2503 figura
894 2405 1072 2479 coelorum
1093 2405 1181 2479 defle·

188 2494 330 2570 &eretur
347 2496 389 2570 de
409 2498 490 2569 Solis
508 2496 717 2595 oppofitione,
741 2496 872 2570 deberet
892 2495 1054 2574 deflexio
1083 2504 1134 2576 illa
1157 2505 1182 2574 in

184 2592 301 2672 iisdem
320 2596 397 2666 coeli
414 2595 596 2692 regionibus
613 2598 644 2667 in
660 2593 789 2669 eandem
809 2595 892 2675 sem¹
912 2620 929 2666 r
947 2620 1085 2696 partem
1105 2599 1177 2672 litai.

190 2694 298 2786 Atqui
309 2695 446 2765 Cometa
455 2693 541 2762 Anni
554 2691 646 2769 ,1680
657 2694 819 2766 Decemb.
841 2717 857 2763 2
887 2743 896 2764 .
921 2689 1004 2766 hora
1026 2695 1124 2788 8312.
1133 2700 1178 2768 Μ.

189 2787 342 2869 Londini,
364 2787 543 2860 vetlibttur
560 2786 591 2858 in
620 2788 658 2862 >t
674 2786 692 2858 8
700 2814 752 2889 gr.
767 2814 811 2883 41
837 2813 915 2861 cum
932 2792 1116 2866 latitudine
1127 2793 1177 2864 bo·

188 2886 262 2958 reali
280 2886 321 2971 28
335 2914 387 2985 gr.
409 2892 456 2964 6‘‚
481 2882 554 2957 Sole
565 2880 721 2962 existente
746 2887 777 2957 in
808 2909 844 2963 tt
874 2886 914 2958 18
931 2915 985 2986 gr.
1010 2898 1089 2962 26¹.
1136 2894 1176 2965 Et

188 2985 328 3055 Cometa
348 2984 435 3053 Anni
467 3003 553 3077 1577
579 2982 663 3057 Dec.
688 3005 744 3065 29.
769 2980 950 3055 versabatur
975 2987 1007 3056 in
1041 3001 1073 3060 9(
1103 2985 1126 3058 8
1129 3012 1174 3085 gr.

186 3083 257 3171 41'.
273 3100 349 3153 cum
363 3076 529 3157 latitudine
542 3077 660 3150 boreali
676 3077 717 3148 28
727 3105 776 3175 gt.
793 3089 865 3176 40'.
916 3082 989 3151 Sole
996 3082 1102 3153 etiarn
1113 3084 1174 3155 exi·

186 3173 285 3251 stente
298 3177 330 3249 in
349 3196 384 3256 ts
409 3175 455 3248 18·
498 3230 506 3245 .
524 3177 733 3254 inormiter.
768 3180 922 3270 Utroque
936 3179 969 3248 in
982 3176 1059 3250 casti
1075 3184 1174 3252 'l-'erra

185 3273 439 3350 versabaturine
485 3298 536 3346 em
554 3275 629 3345 luco
642 3275 823 3354 &Cometa
842 3274 1009 3370 apparebat
1019 3277 1057 3345 in
1068 3275 1174 3349 eadem

181 3372 259 3442 coeli
285 3394 392 3469 parter
425 3374 457 3444 in
479 3372 579 3469 priori
607 3393 712 3447 tamen
735 3370 806 3443 casu
825 3368 924 3465 cauda
942 3373 1099 3443 Cometa
1122 3380 1173 3466 (ex
1213 3437 1216 3448 .

180 3468 260 3556 meis
273 3476 308 3540 δι
325 3471 462 3542 aliorum
474 3466 763 3557 observationibus)
780 3466 955 3547 declinabat
968 3470 1096 3565 angulo
1106 3494 1176 3568 gra,

180 3563 284 3639 duum
304 3572 349 3664 4}
377 3566 417 3638 ab
444 3562 643 3665 oppobrione
662 3567 741 3643 Solis
770 3567 967 3660 Aquilonem
986 3565 1118 3649 verstrae
1145 3570 1174 3651 iu

180 3659 357 3769 posteriorc
371 3687 450 3739 vero
472 3669 529 3761 (ex
545 3662 833 3744 Observationibus
853 3661 1046 3759 Tychoriis)
1072 3662 1173 3737 decli·

182 3761 272 3864 patin
291 3780 363 3863 erat·
374 3760 536 3865 graduum
556 3762 656 3860 prin
681 3759 832 3858 aruinum,
883 3762 988 3858 Iffinsr
1008 3760 1175 3928 reppdiaea

380 3887 383 3891 “
1013 3880 1068 3935 ΕΩ*
1080 3883 1176 3938 Qrum
