2438 4328
170 137 235 186 120
449 110 878 202 PRaAELfiCTIONES
952 184 955 189 .

219 246 279 318 Ob
297 245 404 318 datam
431 247 516 316 enim
538 245 742 323 velocitatem
764 245 847 325 vires
870 245 1061 342 centripetae
1081 240 1167 327 dato

168 365 311 440 tempore
330 365 422 415 erunt
443 363 479 414 ut
491 362 659 412 curvatura
674 365 806 411 arcuum
820 344 1002 433 equalium,
1030 342 1100 423 hoc
1107 340 1169 424 est,

169 462 207 515 ut
223 439 497 519 circumferentia,
517 435 676 516 diametri,
703 438 754 508 vel
770 435 849 524 radii
863 440 1068 529 circulorum
1084 443 1171 535 reci·

167 564 275 637 proce.
324 544 422 638 QE.
436 543 480 609 D.

221 639 323 705 Caroli.
337 637 407 726 (1.)
433 638 522 703 Cum
541 653 683 729 tempora
705 626 869 719 Perrodica
895 633 1169 727 inaequiuelocif

170 733 230 805 bus
244 731 303 802 fint
319 732 400 801 inter
415 729 443 801 se
456 733 487 802 in
500 728 608 800 eadem
624 730 742 800 ratione
759 753 793 798 ac
806 726 876 799 sunt
890 731 1168 815 circumferentia

169 824 396 907 describenda,
408 825 583 922 srtcmpora
591 823 756 896 Periodica
769 824 939 914 mobilium
946 825 1168 911 diversoscir·

84 988 87 991 .
170 929 260 997 culos
279 926 533 1021 percurrentium
547 920 607 994 fint
621 921 740 992 directe
759 943 795 992 ut
808 922 1005 1010 circulorum
1018 929 1167 1010 circum·

167 1023 323 1102 ferentiae,
342 1019 502 1111 diametri,
518 1022 573 1091 ,vel
585 1017 678 1098 radii,
701 1020 783 1089 vires
795 1021 977 1117 tenttipetae
1004 1047 1108 1109 erunt
1131 1047 1169 1099 ut

171 1119 238 1192 istae
247 1120 442 1208 circulorum
456 1117 731 1195 circumferentiae,
751 1113 910 1198 diametri,
922 1120 976 1190 vel
986 1120 1074 1207 radii
1085 1126 1167 1213 reci7

171 1241 290 1314 proce:
319 1224 353 1288 δε
376 1220 448 1289 vice
468 1215 563 1302 versa,
585 1212 609 1284 sr
633 1215 712 1283 vires
735 1214 915 1309 centripetae
935 1213 997 1289 lint
1027 1240 1069 1291 ut
1085 1218 1166 1291 radii

172 1318 223 1387 vel
251 1313 407 1387 distantia
433 1316 614 1408 reciproce,
639 1331 732 1381 erunt
747 1313 910 1407 Tempora
935 1315 1107 1410 periodica
1128 1337 1166 1399 ut

169 1411 252 1486 radii
270 1411 402 1483 directe.

173 1532 176 1536 ’
221 1511 324 1576 Coroll.
342 1516 411 1595 (ι.)
442 1508 474 1576 Si
500 1507 640 1601 corporir
660 1503 799 1596 cujusvis
826 1508 969 1581 centralis
993 1512 1165 1593 attradtivi

172 1607 254 1677 vites
269 1602 329 1674 fint
348 1606 508 1699 reciproce
527 1624 564 1672 ut
582 1628 750 1699 corporum
764 1599 919 1676 distantiae
933 1605 1163 1690 icentrosuo,

172 1704 217 1786 ita
235 1721 273 1773 ut
291 1727 358 1795 quo
378 1703 479 1796 magis
496 1702 747 1796 appropinquant
762 1723 905 1794 corpora,
923 1727 964 1772 eo
976 1706 1028 1776 vis
1043 1708 1165 1778 centri·

171 1821 243 1898 peta
254 1797 293 1870 fit
308 1798 419 1889 major,
430 1805 462 1868 δε
475 1823 541 1890 quo
554 1801 652 1894 magis
664 1799 862 1893 elongantur,
869 1800 917 1870 vis
929 1799 983 1870 illa
990 1798 1035 1874 fit
1042 1804 1164 1889 minor,

172 1895 271 1992 idque
288 1898 322 1967 in
335 1893 444 1967 eadem
457 1895 578 1986 ubique
592 1897 723 1972 ratione,
740 1915 831 1963 crunt
844 1897 1167 1994 temporaperiodica

172 2019 345 2090 corporum
364 1989 404 2062 ad
424 1990 558 2062 divertas
574 1988 730 2061 distantias
750 1988 929 2085 pofitorum
948 2013 986 2071 ut
1001 1994 1166 2070 distantiae

171 2090 233 2161 illae
249 2087 432 2166 diserte&
448 2083 623 2157 eorundem
637 2090 818 2159 velocitates
834 2090 978 2183 aequales.

221 2188 304 2253 XII.
332 2185 365 2253 Si
378 2180 447 2253 duo
460 2183 592 2254 mobilia
607 2186 637 2254 in
653 2186 782 2256 circulis
805 2185 1014 2278 inaequalibus
1036 2189 1164 2279 veloci·

172 2300 237 2371 tate
254 2280 400 2372 inequali
412 2304 486 2373 quae
506 2277 546 2350 sit
565 2281 596 2349 in
615 2279 720 2354 subdu
741 2282 832 2355 licata
848 2285 968 2354 ratione
984 2285 1165 2379 circumfef

172 2378 355 2457 rentiarum,
369 2374 611 2463 diametrorum,
619 2305 841 2451 'volradiorum
847 2378 1102 2472 ferantur,errrut
1110 2385 1165 2455 vi-

172 2500 220 2566 res
238 2477 417 2573 centripetae
434 2475 555 2568 ubique
572 2477 717 2566 aequales,
730 2501 788 2546 nec
801 2479 832 2548 in
845 2473 967 2549 accessu
976 2479 1029 2551 vel
1036 2476 1165 2565 receffu

173 2573 327 2667 ullatenus
345 2593 400 2644 aut
415 2575 515 2643 audtae
531 2592 585 2643 aut
601 2570 779 2665 diminute.

220 2671 282 2743 Ob
305 2670 457 2763 majorem
480 2671 565 2742 enim
591 2671 793 2741 velocitatem
820 2672 852 2741 in
886 2670 1000 2766 majori
1031 2675 1163 2761 circulo

170 2795 305 2863 eamque
322 2773 355 2842 in
375 2768 592 2862 subduplicata
616 2769 734 2860 ratione
759 2769 1089 2858 circumferentiarum
1100 2797 1163 2845 au-

171 2864 284 2965 gendae
298 2866 414 2937 suntin
432 2862 546 2956 majori
563 2864 687 2953 circulo
701 2868 782 2936 vires
796 2868 978 2962 centripetae
999 2870 1032 2940 in
1048 2866 1164 2942 eadem

171 2962 305 3032 ratione.
346 2965 393 3030 Et
411 2958 455 3029 ob
476 2957 628 3048 majorem
644 2983 847 3034 curvaturam
860 2964 892 3033 in
903 2965 1021 3045 minori
1033 2968 1163 3039 circulo

172 3053 306 3155 'pemque
332 3058 428 3127 etiam
453 3056 486 3126 in
506 3052 721 3151 subduplicata
743 3061 863 3130 ratione
884 3060 1164 3135 circumferentia·

171 3179 247 3225 rum
258 3154 420 3248 reciproce
433 3148 584 3249 augendae
598 3151 667 3225 sunt
680 3159 711 3227 in
724 3159 840 3228 minori
855 3159 979 3247 circulo
991 3161 1073 3250 vires
1084 3185 1162 3232 cen·

172 3253 296 3348 tripetae
310 3252 341 3321 in
358 3244 469 3345 eadem
481 3250 612 3321 ratione.
629 3253 751 3346 Liquet
760 3249 860 3350 igitur
873 3257 955 3326 vires
973 3259 1162 3354 centripetas

174 3348 290 3440 aequali
308 3339 427 3420 ratione
446 3351 594 3439 utrinque
618 3346 678 3444 effe
700 3348 857 3448 'augendas
882 3373 977 3446 atque
998 3353 1077 3426 adeo
1093 3351 1159 3427 effe

172 3444 346 3516 etianmum
360 3446 509 3540 utrinque
524 3447 668 3539 aequales.
716 3455 774 3548 „Q
778 3455 819 3518 E.
838 3457 878 3523 D.
1085 3538 1088 3542 ¹
1144 3506 1149 3512 -

175 3540 183 3580 '³
222 3545 271 3615 Sit
289 3543 373 3626 enim
394 3546 531 3640 exempli
551 3544 650 3640 gratia
669 3541 773 3616 radius
794 3548 907 3620 circuli
928 3549 1053 3641 majoris
1076 3548 1159 3622 radii

171 3639 288 3730 'circuli
298 3641 428 3737 minoris
441 3639 647 3736 quadruplus,
662 3638 727 3736 {ive
742 3664 813 3737 ut4
828 3643 868 3715 ad
886 3671 916 3725 1,
929 3654 966 3718 δε-
979 3645 1019 3718 srt
1033 3650 1160 3739 veloci-

172 3735 218 3832 ias
230 3740 263 3810 in
274 3737 392 3832 majore
406 3737 447 3839 ad
465 3741 669 3837 uelocitatem
691 3741 723 3833 in
748 3742 871 3836 minore
890 3746 921 3843 io
937 3738 1160 3847 subduplicete

477 3856 480 3865 .
565 3856 578 3877 „
1102 3865 1157 3926 w

1108 3925 1157 3972 flu*
