2408 4304
235 37 455 51 ........
491 39 967 51 -.----.-------.--,
1026 41 1095 75 m

109 120 136 155 “
160 109 341 187 1111111υᾶ1,
367 107 495 178 Orbem
512 104 552 174 ab
565 104 724 199 Elliptico
738 106 772 175 in
787 107 1006 179 Pmboliemn
1017 111 1093 202 poL

109 216 135 252 “
159 203 397 278 1111111111κὲ
424 200 646 273 confirmauit
660 203 758 279 etiarn
770 202 908 274 eundem
918 202 979 275 effe
989 228 1090 301 poto·

105 315 132 348 “
158 303 211 376 isse
224 329 328 382 exeo,
351 297 445 394 quod
457 301 528 370 anni
548 309 636 392 1456
648 297 766 378 aellate,
792 303 976 396 conspedrm
990 302 1090 375 irretit

105 410 131 445 “
157 407 294 473 Cometa
308 397 423 470 eodem
440 421 518 494 pene
541 393 643 466 modo
660 399 743 468 inter
764 398 870 467 Solem
893 407 928 468 81
951 403 1089 473 Terram

104 507 130 542 “
155 497 301 570 transiens
315 492 518 593 retrograde:
543 516 655 585 quem,
678 494 1088 569 licetbnemmeobserva·

104 603 130 638 “
156 619 207 669 tus
219 595 318 666 fuerit
333 590 569 670 Astronomice,
593 615 634 661 ex
650 589 784 686 periodo
798 591 965 687 modoque
977 592 1088 665 mndi-

105 701 130 737 “
156 716 207 765 tus
219 716 282 763 non
294 685 651 784 diversumiptadiffls
659 684 797 761 extitisse
807 690 959 781 conjicio.
985 689 1089 764 Unde

103 797 130 833 “
156 786 255 861 aufim
269 786 411 880 ejusdem
423 782 564 857 reditum
578 783 711 856 fidenter
722 785 905 882 predicere,
927 789 1084 859 annoscil.

101 892 126 930 “
157 887 256 983 1758.
308 882 412 969 Quod
426 881 451 955 sr
464 879 527 953 hoc
539 883 692 962 evenerit,
715 885 799 955 nulle
813 883 1084 981 empliuseritdu·

102 989 127 1026 “
153 980 385 1062 birundicausa,
408 981 486 1074 quin
499 976 875 1052 rediredebeantcaeteti.
906 982 1085 1055 Habebunt

102 1086 128 1122 “
154 1105 233 1176 ergo
257 1077 441 1150 Astronomi
460 1078 491 1148 in
518 1073 576 1145 hac
597 1077 688 1146 areni
706 1101 775 1170 quo
794 1077 823 1147 se
843 1101 1009 1152 exerceant
1025 1104 1083 1179 per

104 1184 129 1218 “
154 1177 384 1256 multaSecula,
409 1174 588 1272 priusquam
597 1193 878 1268 tottantorumque
893 1180 1081 1275 Corporum

104 1279 130 1314 ‘⁶
155 1275 239 1343 circa
251 1296 418 1344 commune
434 1292 576 1342 centrum
595 1271 674 1341 Solis
686 1273 920 1346 revolventium
933 1299 1081 1347 numerus

106 1376 131 1413 “
156 1369 371 1467 cognoscatur,
396 1391 432 1438 ac
457 1387 607 1445 motuum
626 1366 838 1463 symptomata
856 1374 949 1443 certis
964 1373 1082 1469 regulis

103 1472 128 1506 “
154 1488 368 1538 coerceantur.
419 1461 623 1535 Crediderim
641 1464 793 1557 equidem
806 1470 1084 1541 Cometametiam

103 1569 128 1604 “
152 1565 338 1657 anni1532,
362 1559 500 1632 eundem
524 1555 619 1630 fuisse
640 1585 714 1632 cum
736 1564 804 1642 illo,
828 1565 887 1655 qui
902 1565 941 1634 ab
960 1569 1085 1635 Hevesio

104 1667 129 1704 “
154 1659 376 1730 observabatur
393 1661 519 1729 ineunte
540 1679 621 1727 anno
645 1670 751 1730 1661:
785 1656 838 1730 sed
854 1658 1085 1732 observationes

102 1764 127 1804 ‘⁶
149 1762 273 1854 Apianr',
297 1781 376 1850 quas
401 1753 474 1825 solas
500 1752 541 1824 de
564 1757 670 1849 primo
693 1753 856 1834 habemus,
880 1757 973 1829 nimis
988 1756 1082 1830 rudes

102 1861 126 1898 “
151 1854 232 1932 sunt,
258 1878 315 1924 nec
329 1855 505 1946 quicquam
520 1853 598 1921 certi
613 1854 645 1921 in
659 1876 691 1921 11
707 1872 772 1923 tam
787 1852 896 1924 subtili
916 1879 957 1925 ex
972 1852 1084 1928 iisdem

101 1957 127 1993 “
151 1953 225 2021 elici
235 1947 348 2045 potest.
384 1947 479 2049 Justo
492 1949 656 2021 volumine
669 1945 738 2019 haec
753 1953 858 2021 omnia
873 1951 1083 2046 exequimihi

102 2054 126 2090 “
151 2048 270 2118 animus
282 2043 339 2123 est,
364 2070 420 2116 nec
447 2042 659 2116 Astronomiae
679 2046 904 2141 promovendae
922 2045 981 2120 hac
997 2050 1027 2121 in
1047 2076 1083 2123 re

104 2149 128 2186 “
152 2141 262 2223 deero,
288 2139 400 2212 liDeo
421 2148 470 2213 Ο.
483 2145 535 2212 Μ.
557 2141 659 2213 visum
677 2141 777 2215 suerit
799 2145 898 2218 vitam
917 2145 1082 2219 faculates-
1120 2157 1129 2169 ⁸

104 2246 128 2283 “
152 2263 216 2330 que
244 2263 419 2335 prorogate.
470 2241 601 2308 Interim
627 2240 813 2333 quicunque
837 2240 973 2314 modum
992 2250 1084 2315 Con·
1107 2237 1124 2268 '

105 2342 128 2378 “
155 2333 294 2406 struendi
307 2339 514 2405 Cometarum
529 2336 636 2405 Orbes
648 2359 703 2429 per
715 2356 776 2406 tres
783 2336 1016 2410 observationes
1028 2365 1082 2410 ac·

105 2439 131 2476 “
156 2453 261 2503 curate
272 2429 391 2502 habitas
401 2429 558 2502 addiscere
571 2432 675 2524 cupit,
700 2430 756 2503 sub
769 2431 865 2504 finem
882 2435 955 2505 libri
965 2433 1007 2506 de
1020 2441 1084 2534 sy-

103 2537 128 2573 “
153 2527 280 2600 stemate
297 2527 431 2611 Mundi,
457 2526 521 2598 five
546 2530 631 2598 tertii
656 2524 825 2624 Philosophia
847 2536 932 2601 Nar.
953 2538 1081 2631 Princip.

103 2637 127 2670 “
152 2625 264 2696 Marh.
278 2626 383 2715 magni
402 2621 497 2710 ipsius
517 2624 696 2693 Irrventoris
712 2621 904 2705 methodum
917 2629 1081 2702 inveniett

101 2734 125 2767 “
155 2731 264 2806 Quam
280 2720 386 2817 pollen
399 2718 612 2817 Dignissimus
621 2721 850 2817 Collegameus
862 2728 906 2793 1).
914 2729 1082 2822 Gregorius,

100 2832 125 2870 “
151 2819 226 2890 Lib.
238 2825 283 2891 V.
297 2815 485 2914 pereruditi
500 2814 783 2888 Astronomiaesuae
795 2815 980 2915 Physrcae&
990 2824 1083 2895 Geo.

101 2931 126 2963 “
151 2918 291 2988 metrico:
304 2916 395 3011 plere
412 2915 632 2985 &luculenter
644 2912 824 2987 illustravit.
915 2922 917 2926 ’

148 3026 172 3060 “
197 3015 346 3084 Unicum
365 3031 470 3082 autem
494 3035 554 3080 non
576 3012 628 3080 abs
648 3036 681 3082 re
701 3014 761 3082 erit
780 3037 837 3083 nec
857 3011 1081 3103 injucundum,

102 3105 293 3179 κ11111011
318 3110 490 3180 [1311111111
522 3132 650 3177 monere
681 3107 931 3192 Astronomum3
969 3136 1081 3212 nempe

102 3218 127 3290 .“
151 3203 240 3296 quod
260 3207 400 3294 nonnulli
419 3231 460 3276 ex
484 3203 533 3275 liis
554 3207 700 3276 Contetis
726 3205 842 3279 Nodos
861 3205 929 3278 suos
950 3205 1083 3288 habeant

102 3314 127 3348 “
138 3358 141 3363 .
152 3298 230 3371 adeo
250 3302 337 3374 Orbi
357 3308 469 3373 Terrae
491 3326 593 3372 annuo
609 3303 742 3382 vicinos,
768 3324 805 3374 ut
821 3301 940 3375 fiforte
955 3309 1082 3382 accide-

102 3409 126 3444 “
151 3398 204 3475 rit,
230 3419 369 3481 tempore
382 3397 502 3469 reditus
520 3403 665 3468 Comere
679 3405 807 3473 Terram
825 3427 980 3494 occupare
994 3412 1082 3478 Loca

101 3506 126 3544 “
151 3493 183 3562 in
197 3494 274 3562 orbe
291 3495 347 3565 suo
364 3494 465 3566 Notlo
483 3497 639 3590 proxima,
665 3493 744 3566 dum
762 3502 894 3569 Cometa
906 3501 1083 3576 incredibili

101 3602 126 3647 ‘-‘
151 3613 226 3673 curn
246 3592 426 3666 Velocitate
440 3593 640 3697 praeterierit,
666 3592 834 3671 Parallaxin
849 3598 942 3674 etiam
956 3595 1085 3669 habitu-

644 3693 703 3761 Aa
727 3715 752 3786 4
985 3706 1008 3740 ‘⁶
1033 3719 1086 3769 rus
