2438 4328
271 122 659 198 percurramus
678 121 963 219 Azuriovra.
1041 131 1107 215 369

135 253 162 325 ti
187 250 270 324 uitus
289 251 523 330 observatar'itm,
554 251 655 320 omnis
679 245 817 320 historiae
837 273 926 332 verae,
955 263 1108 343 certaeque

138 278 363 447 Cdrronologiae
378 345 494 420 bafium
506 353 540 416 ὅ(
551 345 835 428 fundamentorum,
853 349 1002 418 calculum
1013 342 1109 417 arith·

90 458 109 478 ·
138 448 301 527 meticum,
323 451 357 514 δι
377 442 578 541 computandi
596 443 723 515 taedium
741 445 938 536 quantumin
957 457 1007 513 me
1019 440 1061 512 est
1078 467 1111 514 e·

90 559 109 575 ·
135 538 381 612 vitaredoceam.
426 545 480 612 Eo
495 541 578 611 enim
591 541 665 637 sape
683 539 788 636 sapius
807 540 922 611 redacta
936 537 979 610 est
998 537 1110 610 Histo-

131 638 187 708 riae
204 643 238 706 δι
254 636 477 734 Chronologiar'
496 638 583 719 ratio,
606 659 641 708 ut
659 622 769 731 abique
785 640 899 709 calculo
912 634 1109 708 Astronomi-

100 790 106 799 .
133 758 188 813 co,
211 737 245 803 δε
261 732 488 805 construelione
506 729 724 814 Geomerrica3
750 730 813 803 hoc
830 732 874 804 est
886 731 999 828 absque
1017 737 1111 830 eclip-

135 827 221 900 fibus
238 849 376 901 accurate
392 830 533 927 cognitis,
569 832 682 901 nullam
706 853 805 902 rerum
823 828 974 928 gestarum
989 836 1021 900 &
1041 857 1109 903 nar-

136 948 268 998 ratarum
293 925 530 1021 certitudinem
567 928 680 997 nullam
705 928 804 997 saltem
833 925 983 1022 liquidam
1007 952 1109 1001 rerum

136 1021 242 1095 seriem
260 1021 440 1095 ordinemve
458 1023 593 1120 polliceri
613 1044 737 1119 queant.
793 1023 825 1092 Si
844 1047 937 1117 quam
957 1025 1058 1117 iraque
1077 1048 1110 1097 e·

102 1110 111 1165 5
137 1115 281 1215 cliplium
316 1118 611 1191 determinandarum
638 1118 787 1188 rationem
813 1121 908 1216 magis
931 1144 1110 1204 accuratam,

133 1215 291 1312 magisque
304 1214 424 1288 facilem
441 1236 533 1310 quam
547 1241 618 1309 quae
640 1212 785 1286 haetenus
803 1215 919 1312 prodiit
937 1216 1111 1290 adinvenire

138 1313 242 1391 liceat,
271 1311 353 1408 apud
375 1336 480 1384 omnes
507 1310 641 1383 historiae
666 1312 800 1407 antiquat
825 1334 916 1406 atque
934 1309 1114 1387 Chronolm

139 1408 201 1503 giae
222 1405 372 1482 studiosos
397 1409 524 1507 gratiam
546 1409 677 1504 aliquam
720 1408 945 1481 romerebimur.
973 1414 1052 1507 quin
1077 1416 1112 1483 dt·

90 1502 100 1521 '
140 1504 276 1575 scientias
296 1502 363 1576 istas
383 1503 578 1577 nobiliffimas
597 1529 657 1575 una
682 1433 772 1576 dinul
792 1506 975 1599 promoville
999 1507 1033 1578 δι
1059 1533 1113 1580 ex⁴

90 1652 107 1674 .
141 1599 267 1672 coluille
283 1599 351 1692 jure
368 1603 505 1674 maximo
514 1600 697 1672 videbimur.
742 1600 889 1696 Agedum
903 1605 1016 1699 itaque,
1035 1608 1113 1677 Hoc

139 1720 262 1793 agamus
282 1694 407 1778 sedulo,·
438 1702 518 1769 Non
542 1698 624 1768 enim
647 1694 804 1790 eclipfium
828 1716 948 1770 tantum
972 1702 1114 1773 solarium

140 1790 411 1866 construendarum
426 1788 609 1866 methodum
624 1790 779 1873 exhibere,
800 1783 852 1864 sed
874 1796 919 1874 aa,
941 1795 1029 1891 quod
1044 1800 1115 1867 lon·

99 1949 104 1989 p
143 1912 183 1983 ge
198 1890 326 1988 amplius
338 1888 393 1968 est,
416 1911 523 1963 omnes
535 1889 664 1961 omnino
680 1889 884 1984 Eclipseatam
896 1895 1113 1987 Solaresquam

90 1976 103 2031 ⁵·
141 1989 286 2070 Lunares,
314 2010 444 2082 quarum
460 1989 548 2060 ulum
564 2004 656 2082 atque
670 1987 859 2058 mentionem
873 1985 955 2085 apud
972 1991 1115 2085 antiquos

90 2130 102 2173 r,
139 2079 303 2155 historicos
320 2107 477 2157 occurrere
500 2084 654 2158 novimus,
677 2083 795 2157 calculis
813 2081 922 2156 nostris
941 2085 1111 2177 subjicerer

90 2187 101 2219 ³·
142 2180 255 2248 Solares
270 2203 398 2274 quoque
414 2205 478 2252 non
499 2179 595 2253 solum
610 2182 679 2252 abiu
699 2199 898 2276 computatas,
927 2181 976 2252 sed
990 2189 1024 2253 δε
1041 2184 1113 2255 auu

90 2267 100 2316 i*
140 2273 329 2346 construdas
347 2281 379 2346 in
397 2278 533 2371 apricum
549 2272 681 2363 proferre
699 2277 889 2348 conabimur.
915 2299 951 2350 ut
969 2302 1008 2350 eo
1022 2283 1115 2376 pasto

90 2368 98 2414 l
142 2368 294 2441 Historiae
308 2369 458 2443 candidati
473 2368 622 2444 inoffenso
642 2370 718 2469 pede
735 2369 873 2466 posthaec
886 2397 1023 2446 amoenor
1036 2373 1114 2466 ejus-

90 2461 98 2512 Ι
142 2463 215 2537 dem
234 2490 355 2562 campos
375 2465 550 2566 pertransire
565 2465 690 2563 pollint.
728 2475 823 2564 Opus
837 2469 965 2563 quidem
987 2471 1053 2542 saria
1069 2498 1115 2544 ar·

90 2559 96 2608 Ι
141 2560 255 2644 duum,
277 2562 363 2634 taedii
382 2571 415 2634 δι
435 2562 580 2636 molestiae
596 2566 731 2661 plenum,
752 2563 830 2636 lucri
850 2559 927 2638 nihil
946 2569 994 2638 vel
1015 2563 1116 2640 hono-

91 2660 95 2703 ³
142 2658 183 2730 ris
205 2659 378 2756 pollicitum
404 2657 619 2758 aggredimur:
646 2659 797 2750 ejusmodi
812 2679 913 2732 tamen
927 2661 1015 2757 quod
1032 2668 1118 2737 utili-

90 2754 93 2801 ἶ
143 2756 211 2826 tatis
225 2757 371 2831 multum,
395 2755 570 2854 compendii
584 2755 665 2828 haud
680 2779 783 2852 patum
798 2755 922 2847 posteris
939 2754 1044 2832 afferre
1060 2761 1116 2832 de*

90 2850 92 2894 ἶ
143 2850 206 2922 bet·
253 2853 334 2935 Alii,
363 2851 470 2936 fateor,
500 2853 643 2948 antiquos
662 2851 754 2924 hosce
774 2848 997 2950 Chronologiae
1015 2854 1118 2929 chara·

90 2980 91 2991 ¹
143 2950 237 3020 &eres
254 2946 293 3019 ad
315 2973 439 3022 examen
458 2971 652 3031 revocarunt,
683 2946 791 3021 sinon
813 2973 918 3022 omnes
939 2950 1038 3023 saltem
1053 2956 1117 3051 pla-

144 3051 270 3139 rosque3
295 3049 530 3119 &calculorum
547 3043 697 3127 frustum,
719 3046 873 3143 egregium
887 3047 963 3128 sane,
985 3069 1117 3142 reporta-

144 3162 227 3210 runt.
281 3144 328 3211 At
349 3166 423 3215 vero
445 3142 576 3215 Tabulae
600 3139 838 3215 Astronomicae‚
868 3143 982 3238 quibus
1006 3145 1048 3217 illi
1070 3145 1118 3219 usa

142 3235 226 3316 sunt,
248 3235 389 3312 nondum
402 3238 439 3310 ad
455 3262 529 3316 eam,
553 3262 647 3332 quam
664 3237 878 3310 nuncdierum
891 3240 1042 3322 obtinent,
1067 3269 1118 3316 ac·

144 3332 330 3404 curationem
345 3353 564 3433 pervenerant:
598 3358 654 3408 nec
672 3333 800 3429 proinde
818 3337 908 3405 talem
930 3337 1037 3411 calculi
1055 3359 1122 3412 cer·—

146 3425 313 3500 titudinem
324 3432 507 3526 antiquiores
528 3429 723 3528 computistae
737 3427 848 3524 alleqni
861 3433 1023 3515 valuerant,
1050 3460 1128 3532 qua·

145 3524 207 3593 lem
222 3521 293 3620 post
312 3524 491 3600 nostratium
518 3527 639 3600 Streetii
657 3525 830 3600 Flamstedii
849 3530 1067 3626 Newtonique
1086 3537 1129 3604 la·

145 3617 247 3703 bores,
268 3616 325 3691 hac
341 3622 372 3692 in
385 3647 465 3723 parte
478 3625 564 3721 plane
581 3623 728 3721 egregius,
747 3623 863 3696 facilius
874 3622 993 3718 jamjam
1007 3625 1129 3724 praesta·

143 3734 180 3811 pe
198 3712 371 3816 poffumusg
417 3721 485 3796 Hic
505 3720 609 3818 itaque
623 3715 805 3888 l{ngurarum
823 3716 990 3799 nostrarum
1015 3724 1048 3793 in
1072 3722 1130 3890 ispe

711 3839 729 3887 2
998 3819 1071 3915 palae
1100 3841 1132 3893 ra
