2438 4328
111 159 162 264 qn
261 194 266 205 -
372 148 817 228 nascerer-ronne
906 147 908 152 ’
988 110 994 195 =⁵

116 293 256 392 Regulae
267 288 366 362 seule
432 307 540 359 motus
551 285 621 357 sunt
636 309 653 357 a
667 285 828 383 prioribus
838 287 929 384 plane
944 284 1110 372 diversae}

113 415 192 486 qum
219 394 326 484 itaque
355 313 483 458 soirsrm
515 384 646 456 trasiare
678 389 712 455 ἃ
743 409 902 481 exponere
925 386 1114 482 oportebita

114 495 206 562 Cum
229 510 336 560 autem
354 507 528 581 corporum
547 477 665 554 horum
685 479 873 563 collisiones,
897 481 1114 579 phaenomena

113 594 151 660 bc
180 583 365 658 difficiliora
396 587 431 652 bc
458 576 627 677 insigniora
650 576 821 650 exhibeant
833 607 844 662 ;
878 586 913 650 δε
935 606 1011 652 curn
1027 583 1112 652 -Vir

113 683 262 758 summus·
276 683 334 752 Cl.
354 679 526 776 Hugenius
542 674 665 747 easdem
683 679 820 749 credatu
844 679 997 774 peculiari
1014 677 1113 775 post-⁴

112 780 220 854 humo
233 782 441 877 exponere&
460 773 673 847 demonstrare
698 771 853 872 aggressus
866 772 919 855 fit,
937 799 1040 870 neque
1054 796 1111 848 ta·

112 901 190 951 men
208 870 273 947 sine
295 876 416 973 magnis
436 872 621 971 ambagibus
649 875 809 969 longique
833 874 990 946 rationum
1008 879 1042 944 δι
1062 872 1110 946 fi-

112 997 268 1074 gurarum
283 995 410 1069 pompa,
423 995 483 1069 pro
496 972 704 1066 antiquorum
722 973 974 1043 Geometrarum
993 995 1106 1052 more,

115 1062 297 1151 absolverit,
324 1069 422 1141 Libet
433 1066 649 1141 Elasticorum
666 1072 853 1165 Corporum
870 1071 917 1141 Le
960 1068 1107 1140 s'motus

111 1166 287 1240 secundum
307 1169 456 1266 Hugenii
477 1164 623 1238 ordinem
642 1163 778 1244 tradere,
804 1171 839 1235 &
864 1166 893 1256 ej
930 1165 1005 1236 dem
1024 1189 1108 1262 pros

112 1262 285 1364 positiones
296 1259 432 1364 singulas
454 1264 610 1343 breviori,
635 1270 682 1342 δι,
705 1265 738 1333 ni
757 1261 862 1342 fallor,
889 1265 987 1359 magis
1007 1283 1108 1335 natud

112 1364 173 1435 rali
192 1359 350 1435 methodo
376 1359 617 1436 demonstrare:
656 1363 699 1432 ita
725 1381 764 1431 ut
782 1361 834 1431 vel
861 1357 919 1431 isr
948 1365 1106 1458 Tyrones

112 1456 230 1532 harum
243 1462 352 1558 legum
372 1457 597 1531 certitudinem
618 1465 653 1528 sc
671 1457 827 1555 originem
854 1384 1021 1554 pliysrcam
1043 1459 1109 1530 aria

75 1589 77 1594 ·
113 1576 271 1650 quatenus
289 1559 476 1656 intelligant.
525 1553 606 1628 Esto
622 1558 728 1648 itaque
749 1559 937 1651 Corporum
959 1553 1104 1653 perfesie

113 1652 331 1728 Elasticorum
351 1660 422 1726 Lex
439 1671 548 1726 motus
567 1655 667 1750 prima
686 1658 719 1722 δι
773 1653 893 1723 neralis.

165 1758 261 1849 (13.)
290 1755 324 1825 Si
347 1754 489 1850 Corpori
514 1745 653 1850 persedte
674 1752 720 1822 ela
750 1750 802 1820 ico
822 1747 996 1843 quiescenti
1011 1747 1102 1823 aliud

27 1907 30 1912 ,
113 1853 234 1945 equale
252 1875 368 1949 corpus
392 1870 553 1929 occurrat,
577 1846 649 1946 post
673 1847 857 1918 conradum
878 1843 942 1917 hoc
963 1845 1111 1939 quidem·

112 1947 279 2041 quiescet3
305 1946 480 2039 quiescenti
502 1945 585 2018 verb
607 1948 789 2038 acquiretur
804 1941 914 2016 eadem
937 1968 1012 2036 quae
1031 1943 1101 2016 suit

111 2045 146 2116 in
163 2045 344 2140 impellente
357 2045 510 2114 celeritas.
559 2045 686 2138 Corpus
707 2044 792 2112 enim
812 2043 971 2137 impellens
990 2040 1103 2112 motuis

111 2137 328 2209 firisemissem
350 2138 488 2237 impulsu
513 2135 650 2218 dire&o‚
675 2138 789 2231 absque
811 2139 930 2210 elaterii
954 2136 1104 2210 confide-

111 2236 244 2315 ratione,
268 2234 442 2331 quiescenti
461 2260 503 2306 ex
522 2235 630 2307 motuis
651 2238 720 2333 lege
742 2247 788 2311 6²,
813 2235 1066 2306 communicabit
1087 2249 1100 2307 τ’

111 2339 150 2405 dt
171 2335 237 2429 pari
249 2356 334 2405 ,cum
351 2331 466 2404 eodem
486 2328 572 2428 passu
589 2332 733 2404 incedere
751 2333 899 2428 incipietr
926 2340 1104 2429 &propter

110 2431 276 2502 elaterium
295 2432 330 2501 vi
343 2432 587 2502 communicatae
605 2450 672 2526 par,
697 2449 804 2500 motus
827 2427 980 2500 semissem
999 2431 1102 2503 alium

110 2523 217 2599 eidem
238 2527 491 2599 communicabit
498 2553 509 2609 3
542 2525 628 2599 unde
650 2550 758 2599 morus
780 2529 811 2596 in
831 2529 990 2623 integrum
1004 2547 1104 2599 com-·

110 2625 292 2698 municatus
312 2627 375 2697 erit
399 2626 506 2698 motui
527 2624 715 2721 impellentis
738 2625 836 2722 priori
860 2625 1001 2717 aequalis.
1050 2629 1098 2697 Et

111 2745 188 2794 eum
201 2718 360 2795 necessum
378 2718 420 2794 fit
434 2746 473 2795 ut
490 2742 646 2815 quantum
660 2724 835 2819 impingens
845 2741 899 2792 aut
909 2719 1031 2818 agendo
1041 2723 1103 2793 aut'

109 2818 278 2916 magendo
303 2818 436 2900 hocest,
453 2840 509 2911 aut
529 2841 622 2889 mero
640 2817 791 2915 impulsu,
816 2839 873 2890 aut
880 2820 915 2890 vi
927 2817 1051 2891 clastica
1064 2821 1102 2892 in·

109 2906 271 3007 quiescens
281 2914 442 2987 transferat
454 2935 577 2986 tantum
591 2912 633 2986 de
653 2938 745 2987 motu
759 2914 816 2987 suo
829 2917 965 2995 amittat,
991 2916 1105 3008 sequi-¹

108 3030 166 3082 tur
184 3030 240 3080 cor
262 3037 298 3082 us
317 3011 479 3106 impellens
488 3007 598 3082 amisso
606 3031 699 3083 motu
713 3012 769 3084 suo
782 3011 979 3109 progreffivo
990 2999 1098 3106 quiesss

110 3127 181 3180 core
195 3035 325 3189 debere,
331 3106 412 3179 dum
418 3132 532 3205 corpus
539 3107 700 3201 quiescens
713 3125 841 3181 motum
851 3112 1094 3182 illiuslucretur.

159 3205 262 3274 Coroll.
284 3211 355 3295 (1.)
407 3209 440 3279 Si
467 3212 522 3277 Co
560 3230 596 3276 us
623 3206 725 3298 majus
750 3208 780 3278 in
813 3209 916 3280 minus
941 3205 1106 3287 nimenta

108 3323 172 3372 uon
187 3301 329 3394 quiescet
343 3303 442 3400 prius,
466 3303 520 3376 sed
543 3302 739 3376 olummodb
751 3295 870 3376 sardius
884 3304 1071 3376 movebitur
1079 3331 1092 3386 ς

66 3481 69 3484 ,
107 3398 313 3491 &quiescens
325 3398 476 3488 majorem
490 3402 692 3473 velocitatem
705 3401 852 3495 quidem,
867 3401 919 3473 sed
934 3406 1099 3474 minorem·

107 3493 1100 3595 motsisquantitatem,quaminimpellentesuera'rlu'crabitur:

158 3597 255 3664 coroll.
268 3601 339 3684 (a.)
382 3597 414 3665 Si
443 3610 557 3695 corpus
578 3595 684 3666 minus
703 3598 736 3666 in
749 3594 848 3687 majus
866 3599 1005 3668 incurrat
1029 3617 1098 3670 nort·

107 3688 249 3783 quiescet
271 3695 369 3788 prius,
394 3691 447 3764 sed
464 3689 663 3791 regredietur
669 3719 681 3774 ;
709 3699 744 3763 &
761 3693 920 3786 quiescens
934 3696 1098 3765 minorem

106 3787 311 3878 velocitatem
329 3786 480 3886 quidem,
512 3788 731 3887 sedgmajorem
748 3789 856 3871 mutire
868 3794 1107 3884 quantitatum,

106 3880 754 3984 qiamirimpeuent'efueraanu’crabieue
988 3891 1095 3961 coros.
