2438 4328
224 107 918 182 PHrslco-MATHEMATJM.
1055 118 1072 199 ς·

79 248 272 348 punstorum
298 239 644 315 centraliunrdistantia
662 248 734 323 HI,
758 267 902 317 manente
923 245 1075 317 nimirum

81 347 216 420 funiculi
239 341 454 439 longitudine,
480 364 520 408 eo
540 340 665 437 longius
685 337 755 412 haec
777 341 880 441 figura
896 370 912 414 a
930 345 1087 416 circidari.

77 442 229 523 recedet3
258 444 292 510 δε
311 464 380 531 quo
396 440 501 508 minor
514 435 718 508 estdistantia
739 437 808 520 ista,'
833 441 872 511 ad
889 445 1076 514 circularem

79 540 209 614 accedet
222 540 323 633 magis
337 565 348 619 3
368 540 411 607 ita
428 556 466 614 ut
478 559 537 631 pro
548 532 670 607 diversa
687 532 844 610 distantia
857 546 937 619 HI,
963 537 1002 610 ad
1021 541 1077 612 fu·

79 641 226 712 niculum
239 640 342 713 BHI,
363 635 415 704 vel
428 631 468 704 ad
479 633 593 703 lineam
608 633 795 707 DKeidem
807 637 954 709 funiculo
967 663 1077 731 aequa·

79 739 155 818 lem,
177 736 296 805 ratione
315 729 446 802 diversae
464 727 622 826 ellipsrurn
634 730 749 827 species
765 733 993 808 describantur.
1027 741 1077 808 At

82 834 106 906 si
124 833 265 905 funiculi
290 826 464 926 longitudo
485 826 595 899 eadem
614 834 819 928 proportione
836 835 998 907 minuatur
1023 834 1078 905 vel

81 952 236 1028 augeatur
261 928 328 1018 qud
350 928 518 998 minuitur·
542 926 594 997 vel
616 954 656 999 au
680 951 753 1001 etur
782 935 977 1031 punbtorum
1003 957 1079 1004 cen-

81 1032 273 1102 trahunt-H.
286 1031 321 1095 δι
339 1021 533 1134 (nuntia,
558 955 777 1100 describentur
796 1030 931 1124 quidem
944 1030 1079 1128 Ellipses

81 1128 225 1208 diversae,
243 1121 308 1195 five
320 1119 518 1193 dlversarum
528 1123 787 1219 magnitudinum
797 1152 918 1210 onmes,
938 1127 991 1201 sed
1003 1154 1079 1222 quae

80 3158 191 3248 smiles
201 3153 331 3224 omnino
343 3151 414 3227 sunt
424 3151 559 3234 futurae,
583 3153 638 3225 seu
658 3151 936 3250 ejusdem-spetiei.
970 3155 1089 3227 Unde

90 3252 293 3348 perspicuum
309 3247 357 3320 est
374 3250 506 3344 Ellipses
517 3274 580 3323 non
591 3248 811 3350 magnitudine
827 3268 962 3330 tantum,
987 3248 1042 3323 sed
1054 3257 1090 3324 δι

91 3348 193 3445 specie
211 3351 386 3420 innumeras
407 3344 480 3428 eise,
507 3353 542 3419 δι
565 3348 734 3419 reiculo
763 3345 804 3419 ad
827 3350 944 3421 lineam
960 3349 1093 3421 restent

91 3443 245 3518 extendi:
274 3445 365 3517 Sicut
384 3446 470 3516 enim
490 3443 680 3517 coeuntibus
697 3444 934 3539 punffieffln
947 3449 971 3517 Ι
983 3445 1050 3517 Effi

94 3541 130 3613 fis
148 3540 256 3614 evadit
268 3542 417 3621 circuitu,
442 3544 486 3613 ita
509 3539 549 3613 ad
568 3539 748 3615 distantiam
763 3538 871 3637 -ipfius
885 3539 1027 3635 funiculi
1062 3540 1090 3599 '-
1132 3540 1135 3546 ’

95 3639 226 3712 midiam
235 3637 468 3738 recedentibus,
485 3635 624 3806 Εῑὶὶρίῑῖ3
633 3635 674 3711 fit
688 3636 771 3712 linea
780 3637 1093 3733 rteio'ucndescente.

652 3761 667 3831 3
838 3818 848 3839 ·
991 3754 1090 3806 ntro-
