2438 4328
160 171 225 223 212
441 148 868 219 PReAELECTIONES

162 305 212 356 tra
224 301 367 354 centrum
381 279 524 353 ascendet
535 305 604 374 quo
616 277 657 350 ad
670 300 817 351 centrum
829 277 1034 354 descenderat
1046 284 1155 379 prius:

163 402 260 476 atque
279 381 322 451 ita
341 399 496 477 perpetuo
514 376 661 450 descensu
679 384 713 447 δι
733 376 855 450 ascensu
872 377 1087 452 oscillentium
1101 405 1157 477 per

155 475 352 577 'cycloidem
378 476 591 574 pendulorum
615 499 788 570 corporum
810 496 919 547 motus
936 476 1158 550 aemulabitur.

156 580 216 649 *Et
229 574 453 654 oscillationes,
474 571 499 644 st
516 576 559 644 ita
577 597 690 644 vocare
702 573 808 651 liceat,
832 574 1028 646 inomnibus
1038 571 1159 647 distan-

163 675 222 746 tiis
237 692 329 743 erunt
341 674 456 767 pariter
474 668 661 742 isochronae.
739 738 743 743 .

160 786 177 809 ··
218 772 318 839 Coroll
335 778 404 863 (3.)
434 770 487 838 Sin
503 768 664 838 intervalla
675 767 807 857 quotvis
822 767 953 839 minima
966 763 1158 858 hujusmodi

153 862 512 964 {phere-concentrica
531 869 612 936 inter
634 861 821 1028 superficies,
839 864 965 957 quasvis
989 862 1158 961 sphaericus

169 959 350 1059 interposrta
369 983 535 1060 ponantur,
561 965 592 1032 in
614 962 672 1052 qui
697 985 733 1030 us
753 982 885 1056 corpora
909 964 1037 1055 quaevis
1060 961 1157 1034 instat

165 1051 361 1158 planetarum
375 1059 576 1152 quorundam
594 1083 764 1155 parvorum
782 1059 866 1129 circa
881 1073 1029 1131 centrum
1045 1060 1078 1130 in
1096 1062 1160 1132 cir-

163 1157 441 1236 culis-revolvant,
467 1162 573 1228 Erunt
587 1177 728 1250 tempora
749 1152 911 1250 periodica
928 1157 1077 1229 omnium
1094 1154 1159 1229 hu·

155 1250 310 1347 jusmodi
334 1255 540 1420 planetarum.
555 1253 677 1345 ubique
701 1253 843 1343 aqualia.
894 1251 1024 1325 Eodem
1046 1277 1159 1352 nempe

153 1353 324 1449 temporis·
346 1353 432 1448 patio
449 1349 619 1448 periodum
631 1350 778 1442 quamvis
795 1347 974 1446 peragendo
992 1374 1063 1443 quo
1086 1375 1160 1423 cor-

169 1472 231 1547 pus
242 1447 384 1543 quodvis
394 1446 565 1520 demissum
585 1446 811 1518 oscillationem
825 1448 980 1541 integram
995 1472 1037 1517 ex
1054 1449 1108 1519 itu
1128 1455 1161 1518 dc

153 1544 279 1618 --r'editu
293 1544 501 1642 compofitam
519 1545 648 1616 obiret:
677 1539 740 1612 hoc
761 1540 819 1620 est,
845 1545 877 1614 in
897 1544 1031 1617 Tellure
1055 1543 1164 1616 nostra

154 1641 271 1741 spatio
296 1643 424 1740 alaz4'.
443 1645 524 1740 3'611.
575 1642 641 1714 Uti
661 1664 701 1710 ex
719 1641 807 1736 prius
828 1637 1047 1714 demonstratis
1066 1642 1162 1715 facile

155 1740 310 1839 ¹tonstare
329 1739 442 1838 poen
479 1792 495 1803 .,

158 1855 174 1885 --’
218 1839 378 1911 Scholim
429 1834 620 1910 Notandum
631 1855 738 1906 autem
754 1834 932 1931 superficies
945 1833 1016 1907 istas
1029 1861 1072 1908 ex
1085 1841 1162 1931 qui·

170 1935 230 2008 bus
242 1931 339 2008 solida
349 1936 499 2030 componi
509 1934 723 2100 sppponimus
738 1955 799 2002 non
812 1929 873 2003 else
886 1956 964 2027 pure
974 1930 1165 2006 Mathema-

151 2050 156 2057 '
170 2032 260 2110 tiras,
284 2032 337 2101 vel
350 2032 452 2100 omnis
463 2055 516 2101 cra
542 2028 674 2101 rtudinis
688 2049 829 2124 expertes
843 2057 852 2099 ε
880 2027 943 2099 Sed
957 2030 1068 2102 Orbes
1078 2029 1162 2103 adeo

156 2126 295 2204 “tenues
312 2145 477 2197 uteorum
490 2123 661 2197 craffitudo
674 2123 713 2196 fit
727 2124 821 2196 instar
836 2123 939 2198 nihili.
991 2129 1165 2201 Nimirum

149 2224 204 2294 ”in
215 2221 286 2293 casu
302 2223 443 2319 praesenti
457 2224 565 2294 Orbes
576 2221 788 2295 evanescentes
801 2224 969 2317 exquibus
980 2221 1162 2321 sphaeraul·

154 2319 256 2389 timo
272 2317 405 2399 constat,
426 2319 488 2391 ubi
500 2319 630 2409 orbium
641 2321 769 2409 illorum
783 2344 931 2392 numerus
951 2343 1103 2418 augetur,
1127 2330 1163 2394 &

171 2413 345 2488 cusntudo
358 2417 517 2490 minuittu
529 2418 560 2490 in
578 2417 752 2492 infinitum.
803 2419 957 2490 Similiter
974 2418 1030 2514 pe'r
1043 2421 1165 2515 pundo

146 2532 214 2585 lex
226 2513 346 2609 quibus
358 2516 461 2595 linea,
478 2514 611 2594 ¹&inde
634 2513 813 2612 supen‘icies
834 2511 983 2586 &solida
1007 2520 1161 2612 componi

146 2606 401 2705 «nonnunquam
412 2612 563 2693 dicisnus,
570 2614 669 2690 intelli
693 2610 781 2691 endas
793 2613 864 2684 sunt
881 2613 1162 2709 particulaeaequa-

145 2711 214 2791 (bs
231 2709 459 2880 mpgpiitudinit
475 2638 735 2793 contemnende„
775 2708 837 2782 Sed
849 2708 919 2785 haec
937 2707 1165 2806 impresentia-

145 2827 246 2881 ·-'tum
278 2834 300 2880 u
340 2828 435 2879 crant·
449 2833 466 2862 ·-·
499 2852 512 2880 ·,
643 2847 647 2855 ·
1016 2832 1019 2838 ·

248 3002 499 3093 Novemb.19⁰.
530 3025 626 3098 1705.
669 3006 672 3011 ⁴

146 3130 174 3157 '-
304 3120 388 3166 wls)
415 3130 427 3145 “’
463 3129 502 3167 '.
