2438 4328
152 122 244 242 '¹34
441 140 887 213 rraenacrronras

170 274 433 375 uisugatnuetsa,
452 283 488 349 &
503 278 538 348 vi
557 277 609 351 illa
626 273 807 372 centrisuga
827 271 941 364 majori
955 270 1118 349 existente
1140 274 1175 349 in

170 375 288 455 minori
298 373 456 454 diiuncta,
479 375 596 451 minori
616 398 695 447 vero
717 376 749 445 in
771 372 884 462 majori
908 368 1079 457 distantia
1119 376 1175 449 uui

169 472 289 553 uitium
309 472 390 551 adeo
412 475 642 549 contrariarum
664 473 747 542 ratio
766 472 898 541 omnino
919 472 1038 568 exigit.

220 575 326 649 cornu
343 578 415 659 (2.)
444 573 477 643 Si
489 572 537 642 vis
550 571 723 665 centripeta
744 570 887 664 corporis
909 568 1051 659 cujusvis
1068 589 1173 645 attra-

169 672 250 745 &ivi
269 668 310 742 srt
321 666 441 743 directe
454 689 492 743 ut
508 666 664 745 distantia,
680 669 723 739 ita
736 687 772 737 ut
785 668 817 737 in
829 664 942 754 majori
955 663 1108 749 distantia
1121 688 1171 743 atu

168 770 287 843 metio
308 764 348 839 sit
372 764 537 841 iraeadem
556 767 675 839 ratione
694 766 789 837 etiarn
808 762 923 852 major,
947 769 981 835 δι
998 765 1034 835 in
1046 768 1170 841 minori

169 868 286 957 minor,
306 869 440 963 Corpus
453 865 639 935 movebitur
660 865 692 933 in
714 859 828 957 Ellipsr
849 862 932 933 circa
953 885 1073 959 corpus
1091 887 1169 935 cen·

168 965 250 1035 trale
266 963 305 1034 iu-
319 960 386 1058 ipso
404 960 568 1057 ellipsecoa
583 981 694 1033 centro
704 957 858 1056 politum,
875 979 930 1031 aut
945 956 1032 1031 forte
1047 962 1082 1032 io
1102 962 1169 1039 cir-¹

169 1075 326 1149 crolum
339 1070 374 1147 ὸ
381 1096 408 1151 5.
456 1060 533 1130 culo
544 1062 576 1131 in
587 1084 686 1152 quern
696 1054 809 1153 ellipfir
815 1059 951 1153 migrare
963 1055 1093 1151 poteste
1106 1058 1169 1129 sci-

165 1156 356 1235 lessus-15,
441 1158 533 1229 licet
546 1182 605 1253 pro
619 1157 818 1251 tangentium
830 1151 905 1233 srtu,
919 1151 961 1224 de
976 1178 1048 1246 quo
1062 1157 1168 1252 print,

170 1275 288 1349 corpur
303 1274 359 1326 aut
382 1255 414 1327 in
436 1255 563 1326 circulo
581 1275 635 1325 aut
656 1254 688 1323 in
707 1249 806 1348 ellipsr
825 1250 1025 1325 movebitur.

219 1352 320 1420 Caroli.
338 1358 406 1447 (ς.)
435 1355 481 1422 Et
498 1353 629 1444 aequalia
647 1371 739 1437 erunt
760 1349 1001 1421 revolutionum
1021 1350 1054 1421 in
1076 1347 1166 1447 figu²

467 1451 508 1518 ris
536 1445 686 1518 univerfir
709 1449 791 1518 circa
822 1467 966 1517 centrum
993 1443 1085 1519 idem
1117 1446 1165 1535 fa-

468 1547 589 1616 ctarum
616 1543 777 1642 periodica
805 1565 948 1640 tempora
955 1569 966 1625 3
1002 1545 1054 1614 uti
1079 1546 1160 1615 olim

169 1664 302 1734 quoque
325 1638 529 1717 ostendimus.

77 1780 80 1787 ·
181 1762 184 1769 ·
224 1741 301 1807 XX.
337 1740 369 1810 Si
395 1765 509 1839 corpus
536 1761 703 1811 moveatur
721 1741 751 1810 in
775 1739 889 1836 spirali,
912 1737 1032 1810 secante
1051 1734 1162 1810 radios

169 1861 275 1907 onrnes
288 1838 319 1907 in
332 1834 448 1908 eodem
464 1841 592 1934 angulo,
612 1841 660 1910 vis
677 1839 846 1933 centripeta
865 1837 925 1906 erit
945 1838 1111 1932 reciproce
1124 1857 1162 1906 ut

168 1935 274 2004 cubus
286 1931 470 2004 distantiaea
483 1936 596 2031 spiralis
615 1957 733 2005 centro
785 1932 932 2004 Estcnim
942 1930 1162 2030 inharumspi·

169 2033 283 2105 talium
304 2028 436 2114 diuersis
456 2033 597 2127 partibus
610 2054 778 2103 curvatura
798 2056 932 2101 arcuum
945 2028 1099 2102 similium
1117 2056 1162 2099 ae·

165 2127 280 2219 qualis,
298 2129 469 2217 aequalium
485 2153 565 2199 vero
580 2131 742 2225 reciproce
759 2149 795 2199 ut
810 2127 965 2199 distantia.
1001 2124 1067 2199 Sed
1077 2123 1161 2217 duna

162 2246 297 2319 corpora
313 2224 345 2292 in
364 2223 383 2291 s
399 2224 526 2296 italibus
539 2228 711 2298 revolvunt
732 2228 791 2297 erit
808 2226 929 2318 ubique
950 2223 1093 2294 celeritas
1109 2249 1160 2294 re·

165 2321 291 2417 ciproce
311 2340 349 2390 ut
385 2319 517 2403 istantia,
537 2330 570 2393 &
588 2321 660 2393 inde
673 2327 769 2394 etiam
783 2343 966 2402 curvatura,
979 2318 1060 2391 dato
1074 2341 1159 2394 tenr-

163 2441 251 2516 pore,
273 2418 436 2515 reciproce
450 2421 481 2490 in
494 2418 654 2515 duplicata
666 2420 820 2491 distantiat
837 2423 965 2490 ratione.
998 2422 1094 2516 Ergo
1110 2420 1160 2490 vis

165 2514 340 2613 ‘centripeta
368 2541 408 2587 ex
431 2539 612 2599 curvaturae
632 2525 666 2587 δι
694 2520 862 2589 celeritatis
883 2515 1059 2588 rationibus
1080 2540 1160 2586 con-

162 2608 282 2702 juretis
300 2612 433 2690 oriunda
455 2617 516 2685 erit
537 2615 568 2684 in
589 2617 744 2712 triplicata
762 2613 918 2686 distantia
936 2616 1059 2685 ratione
1075 2614 1159 2710 ιεὼς

158 2709 271 2807 proce,
292 2708 358 2782 five
373 2713 536 2807 reciproce
558 2733 594 2782 ut
614 2712 715 2783 cubus
730 2711 899 2784 distantiae.

178 2824 182 2829 “
212 2810 417 2879 corollarium.
446 2812 479 2879 Si
500 2812 640 2905 corporis
660 2810 799 2901 cuju-siis
817 2810 976 2880 attmttivi
995 2807 1081 2879 vires
1095 2804 1160 2879 sint

162 2905 194 2975 in
214 2906 373 3002 triplicata
393 2903 612 2977 distantiarum
632 2908 650 2975 ὲ
669 2929 779 2978 centro
803 2904 860 2977 suo
879 2909 999 2976 ratione
1015 2907 1160 2997 recipro-

162 3005 211 3078 ce,
233 3024 367 3101 corpora
379 3006 485 3073 omnia
498 3028 640 3096 quorum
657 3026 809 3076 motuum
830 3004 1050 3100 projectilirrrn
1067 3000 1158 3073 clire-
1202 3049 1206 3056 ,

161 3094 281 3171 &iones
298 3122 361 3170 non
377 3099 448 3172 sunt
468 3099 508 3170 ad
520 3098 622 3171 radios
642 3099 912 3198 perpendiculares
935 3125 1009 3170 curn
1028 3100 1158 3171 veloci·

120 3262 123 3267 .
158 3215 223 3266 tate
238 3219 431 3290 quacunque
452 3199 599 3268 exeuntia
612 3199 829 3282 movebuntur
849 3201 881 3270 in
894 3199 1008 3295 spirali,
1030 3195 1156 3280 secante

155 3290 390 3371 radios²onrnes
407 3296 438 3364 in
454 3298 571 3391 angulo
592 3293 686 3366 doto:
705 3303 739 3365 &
759 3294 783 3365 sr
805 3319 917 3391 corpur
942 3297 1086 3389 primurn
1106 3292 1158 3364 as-

159 3389 283 3468 cendat,
295 3390 299 3398 '
310 3389 454 3462 ascendet
469 3396 501 3463 in
517 3391 698 3471 infinitum3
718 3391 742 3463 sr
756 3392 923 3463 descendat
931 3388 1099 3462 descendet
1112 3384 1156 3466 ad

156 3490 316 3569 centrum,
333 3492 484 3580 temporis
496 3489 595 3587 spatio
610 3514 651 3560 ex
673 3514 750 3575 areae
776 3490 891 3587 spiralis
910 3491 1088 3584 quantitate
1108 3487 1159 3560 fa-

156 3584 220 3657 'cile
243 3583 445 3658 inveniendo.
735 3586 737 3591 ’
883 3600 886 3609 ’
949 3598 960 3606 ”
1078 3597 1081 3605 “
1111 3585 1117 3595 ’
1148 3584 1156 3595 ”

180 3676 385 3756 ‘'Scholtnm.·‘
405 3681 438 3755 Si
467 3711 532 3778 qua
554 3683 631 3781 esl'et
656 3710 755 3759 curva
781 3676 1052 3782 regulario'eujps
1080 3704 1157 3779 cur-⁴

156 3768 267 3853 ustura
282 3781 307 3875 ,ᾗ
327 3784 444 3876 quovis
465 3783 587 3880 punclp
608 3784 737 3855 centrali
749 3779 878 3854 essetin
904 3779 1157 3948 duplioasrgndl-

156 3872 207 3905 ‘³
421 3878 426 3915 ⁵
578 3877 637 3907 ²¹·
703 3888 760 3903 ”
858 3886 861 3892 “
976 3899 979 3904 ·
1093 3874 1153 3946 tiae

167 1505 262 1565 Coroll.
273 1523 299 1566 2.
309 1514 381 1584 Prop.
390 1527 417 1579 9.

162 3898 167 3908 ,a
186 3901 188 3905 .
