2438 4328
218 182 298 276 ‘376
477 161 937 247 amalerium

221 315 305 364 mus.
327 309 408 384 eug.
431 280 512 358 Esto
535 283 678 358 distantia
703 281 903 380 prandiorum
929 274 1052 351 Ιιαιω
1074 270 1199 388 detinui

222 385 392 481 utrobique
407 379 606 481 signantium,
639 377 679 452 ad
697 381 849 478 integram
867 373 1072 485 penumbrp
1090 372 1199 446 send*

223 505 374 564 metrum,
395 504 468 556 ute
488 477 579 579 ad3,
607 474 768 575 palamest
788 467 1197 583 digitoeeclrpnooaelles

225 578 292 655 five
312 583 412 678 ἷζε-4
433 578 542 650 Solaria
564 575 705 652 dumeni
723 595 819 672 partes
837 567 994 667 Eclipfin
1017 589 1107 664 pwt
1138 563 1198 675 quus

226 675 429 752 consmilirer
456 697 566 749 vnum
594 674 652 746 erit
684 672 724 744 ad
752 674 840 744 aliam
870 688 1053 765 quamque
1084 686 1219 760 tempnt

224 776 416 874 particulam.
467 774 584 870 Neque
606 768 652 843 est
675 769 765 866 quod
785 769 945 863 mirentur
970 771 1130 838 Damni
1144 764 1197 833 Sol

225 875 268 946 ris
287 873 416 968 integrae
549 866 853 981 duodecimalesper
877 885 986 974 partes
1011 859 1196 971 W

225 969 418 1137 illlis,
441 954 1197 1160 &millesimis

225 1159 381 1234 diametris
400 1157 440 1233 srt
460 1158 602 1243 conflata,
635 1159 685 1233 uti
706 1161 790 1255 prius
807 1182 845 1231 ex
866 1157 1057 1236 licuimus3
1092 1176 1198 1248 ermque

226 1255 345 1354 eclipfis
365 1260 451 1354 plane
466 1259 566 1330 totalis
590 1255 630 1330 fit
644 1255 761 1330 necesse
777 1252 823 1329 est
838 1183 990 1328 distantia
1011 1250 1075 1323 ista
1094 1253 1198 1350 pundo

226 1377 298 1427 turn
312 1354 431 1450 ubique
448 1354 613 1437 evanescat,
644 1352 708 1426 hoe
723 1351 781 1435 est,
801 1353 856 1424 ubi
871 1346 1021 1448 Ecliplis
1042 1347 1093 1423 ess
1111 1347 1200 1446 prnrlu

227 1453 375 1529 centralis,
399 1450 447 1524 uti
465 1449 586 1550 oppido
603 1449 648 1524 est
666 1447 872 1523 manifestum.
921 1452 1049 1543 Atque
1065 1443 1137 1520 haec

226 1569 373 1644 eantque
397 1548 574 1645 imperfedla
594 1546 669 1620 huic
688 1544 861 1647 Eclipsrum
881 1546 1052 1616 Solarium
1074 1551 1129 1616 Cn

225 1645 328 1718 &loni
341 1643 451 1719 hocin
470 1649 542 1719 loco
555 1642 718 1722 sufficiant.
762 1650 846 1732 Qrae
864 1643 952 1715 enim
971 1639 1051 1713 line
1065 1639 1204 1720 schemat,

228 1747 265 1815 δι
284 1739 350 1815 stne
368 1743 525 1817 monitore
544 1767 647 1816 coram
668 1740 780 1815 astante
803 1738 854 1812 hic
875 1741 941 1812 loci
962 1737 1074 1811 dubia
1095 1740 1164 1812 sunt
1176 1761 1205 1809 a·

224 1865 290 1936 que
314 1837 463 1916 difficilia,
497 1838 654 1913 schematis
682 1863 742 1936 ope
762 1858 855 1932 atque
882 1836 1065 1909 monitoris
1096 1835 1205 1909 satilim

224 1937 320 2044 longe
331 1937 489 2010 intelleetu
507 1938 578 2011 lunt
599 1934 688 2008 domi
707 1935 823 2009 sutura·
871 1937 990 2028 Atque
1003 1931 1083 2006 haec
1104 1933 1145 2007 de
1158 1940 1207 2007 Ee·

223 2032 352 2125 liplrbus
376 2030 529 2106 methodo
554 2031 771 2106 Flamstediana
796 2026 1025 2103 construendis
1059 2030 1206 2108 sufficiant.

228 2133 383 2224 organon
394 2149 497 2202 autem
505 2127 765 2202 Astronomicum
779 2134 914 2201 Novum
930 2127 1129 2223 Eclipfibus
1142 2129 1207 2203 exhi

227 2223 335 2299 bendis
354 2223 626 2300 accommodatum
647 2225 789 2323 polliciti,
819 2224 903 2297 idern
923 2219 990 2295 hoc
1017 2226 1058 2297 in
1079 2229 1153 2300 loco
1170 2226 1211 2297 de-

226 2319 413 2394 scribemus:
446 2329 480 2393 &
500 2323 580 2407 sane,
609 2322 643 2394 ni
662 2346 748 2396 meus
762 2345 814 2394 me
830 2322 906 2393 fallit
918 2322 1067 2405 animus,
1101 2323 1212 2396 ramfr-

227 2417 294 2491 cilis
313 2419 371 2490 erit
386 2425 420 2489 &
438 2418 575 2510 jucunda
591 2417 653 2492 hoc
667 2419 799 2493 artificio
818 2416 996 2513 Eclipsrum
1014 2425 1214 2518 Contemplr·

227 2515 285 2590 tio,
309 2537 345 2587 ut
362 2515 548 2590 methodum
565 2517 709 2613 priorem,
741 2538 813 2590 utut
826 2517 999 2614 ptaeclaram
1013 2518 1117 2602 inse,
1139 2541 1216 2614 atque

226 2613 304 2683 olim
333 2609 446 2685 ufitato
465 2615 572 2687 calculi
588 2615 689 2687 labore
713 2615 805 2711 longe
830 2613 1017 2696 faciliorem,
1052 2617 1163 2689 multo
1196 2653 1201 2682 ι

227 2711 352 2781 tervallo
375 2706 415 2782 stt
438 2731 652 2807 exuperatura3
676 2710 865 2806 eandemque
886 2710 1037 2783 inutilem
1051 2722 1166 2810 ‘poene
1182 2736 1218 2786 at·

226 2829 290 2900 que
314 2805 528 2900 supervacuam
547 2804 715 2880 redditura.
773 2811 829 2880 Ut
847 2831 921 2882 vero
939 2805 1084 2898 hujusce
1106 2818 1162 2884 Or
1203 2850 1207 2876 .

228 2925 410 2998 compagem
427 2904 482 2975 rire
497 2901 693 2998 assequamini
709 2927 833 2978 mecum
882 2911 898 2985 (
912 2913 954 2991 1)
981 2907 1164 2982 Notabitis
1196 2949 1204 2972 r

224 3021 297 3070 rum
316 2999 588 3096 computationum
609 2997 847 3074 fundamentum
868 3001 926 3073 elle
951 3001 1157 3089 zodiacum,
1201 3033 1211 3077 ι

224 3116 265 3165 ve
288 3095 393 3189 potius
414 3097 523 3169 lineam
541 3095 712 3193 eclipticam
737 3099 769 3168 in
785 3099 870 3196 ligna
886 3096 1064 3171 duodecim
1086 3106 1214 3199 aequalia

220 3184 445 3296 lignorumque
466 3212 561 3289 partes
588 3193 713 3290 triginta
738 3198 865 3291 aequales
886 3192 1039 3277 divisam,
1089 3196 1159 3274 hoc
1180 3220 1219 3271 er

222 3306 257 3353 rn
279 3307 374 3380 partes
394 3297 474 3383 360.
506 3313 563 3384 pro
581 3290 696 3362 solenni
722 3292 1016 3364 Mathematicorum
1045 3301 1086 3366 &-
1107 3296 1203 3368 Alit·

224 3403 392 3454 uomorum
417 3386 546 3468 ratione,
582 3387 621 3458 ab
647 3386 719 3484 ipsis
741 3385 849 3461 harum
871 3389 1082 3473 scientiarum,
1153 3418 1212 3466 nan

225 3495 295 3547 tum
318 3478 446 3563 constat,
480 3483 672 3556 incunabula
692 3483 837 3559 derivata.
882 3486 1014 3558 Proinde
1035 3514 1118 3563 nece
1146 3514 1200 3561 ee

222 3593 260 3644 ut
281 3577 429 3647 annulum
449 3601 596 3672 paremus,
627 3579 790 3676 eidemque
808 3581 920 3680 gradus
943 3594 1011 3678 360
1031 3591 1175 3682 aequales
1194 3613 1219 3658 ιι

222 3663 306 3762 signa
331 3668 395 3778 fine
421 3670 636 3748 dodecamoria
659 3680 709 3750 sua
729 3681 786 3751 rite
805 3680 977 3777 dispertitos
1000 3680 1202 3758 inscribarnu

223 3765 301 3839 Hoc
315 3788 397 3841 enim
413 3769 550 3873 praeliito
565 3772 648 3850 haud
666 3773 793 3853 difficile
808 3776 902 3861 fuerit
916 3779 1164 3855 convolutione·
1173 3784 1207 3853 d·

1157 3881 1216 3954 bit
