2438 4328
166 180 238 274 298
432 164 879 250 PMLECTIONES

171 312 320 405 Orbium
335 306 585 408 perturbationes
604 332 645 379 ex
665 307 789 381 calculo
807 307 889 381 adeo
906 306 1045 407 exiguae
1067 305 1174 412 deprc-

171 409 364 490 hendentur,
380 429 417 480 ut
428 409 560 480 omnino
574 405 709 479 debent
722 408 897 480 contemni.

222 512 321 582 XCI.
348 505 495 579 Orbium
514 501 652 603 Aphelia
668 513 701 578 &
717 502 812 577 Nodi
824 504 1014 600 quiescunt.

219 614 355 706 Propter
376 605 446 675 vim
456 607 627 772 pravitatis
644 604 677 675 in
693 599 849 675 distantia
867 605 995 675 ratione
1011 599 1171 702 duplicata

169 709 348 804 reciproca,
374 698 454 798 Apsr
480 727 510 773 es
528 709 562 773 &
583 699 720 799 Aphelia
740 725 795 798 per
808 699 836 770 se
849 700 1021 796 quiescere
1034 698 1171 784 debent3

172 809 225 880 uti
241 804 328 900 prius
344 801 519 871 monitum.
568 803 615 871 Et
630 819 760 911 propter
770 799 840 870 vim
851 797 1004 881 eandem,
1015 799 1172 896 punslum

170 901 238 975 fere
252 897 418 972 immobile
431 896 550 996 semper
562 898 793 994 resp1cientem,
809 897 956 969 Orbium
969 895 1070 995 plana
1080 899 1172 969 etiam

171 997 290 1072 debent
302 996 483 1092 quiescere3
511 994 795 1089 &quiescentibus
834 995 909 1066 lanis
928 1014 967 1066 ut
990 992 1093 1070 Nodi
1110 992 1171 1065 five

170 1094 337 1195 planorum
351 1092 583 1166 intersefflones
600 1091 762 1187 quiescant
785 1015 833 1162 el
851 1089 989 1163 necell'e.
1046 1099 1171 1165 Notan-

169 1193 252 1268 dum
266 1214 372 1266 tamen
390 1191 616 1286 inaequalitates
627 1191 789 1262 nonnullas
805 1189 824 1260 l
839 1191 1051 1263 Planetarum
1070 1191 1169 1262 revol-

172 1293 320 1365 ventium
339 1287 373 1360 &
394 1293 606 1361 Cometarum
624 1288 800 1360 actionibus
813 1287 886 1359 inse
902 1289 1055 1360 invicem
1070 1287 1171 1360 laben·

170 1390 258 1464 tibus
276 1389 388 1460 seculis
396 1389 551 1469 orituras;
579 1387 713 1458 tantillas
731 1406 848 1467 tamen,
865 1405 901 1457 ut
917 1386 962 1455 ob
975 1387 1170 1482 parvitatem

51 1558 67 1571 ‚.
171 1491 363 1660 plerumque
372 1485 533 1558 contemni
543 1481 672 1582 poffint.
722 1481 914 1556 Notandum
933 1484 1040 1555 etiam
1051 1480 1170 1555 noshic

184 1587 238 1658 oci
254 1585 370 1656 Centri
394 1584 570 1656 Gravitatis
589 1581 764 1679 systematis
786 1584 887 1653 totius
901 1582 1068 1674 quietem,
1097 1606 1168 1655 cum

172 1681 378 1770 Astronomis
391 1683 522 1753 omnino
541 1679 702 1758 omnibus,
726 1679 920 1847 s'qpponere3
947 1675 1012 1750 etsi
1027 1681 1172 1772 quietem

173 1781 279 1865 istam,
304 1785 354 1854 uti
364 1781 450 1877 prius
469 1779 665 1857 monuimus,
690 1801 732 1847 no
778 1802 834 1848 um
852 1772 1056 1866 demovissrm
1069 1777 1172 1847 licue-

172 1884 230 1953 rit.
276 1881 340 1951 His
367 1899 474 1950 autem
495 1874 606 1974 positis
629 1874 789 1969 sequentia
816 1874 997 1945 Corollaria
1026 1861 1170 1945 deduce-

174 2003 258 2048 mus.
426 2047 429 2052 .

225 2073 323 2143 Coroll.
348 2076 423 2156 (1.)
451 2068 629 2159 Quiescunt
655 2067 750 2141 stella
773 2067 859 2149 fixa,
884 2086 1059 2165 propterea
1079 2066 1170 2162 quod

173 2166 258 2241 datas
277 2165 317 2239 ad
338 2163 475 2263 Aphelia
492 2166 671 2260 Nodosque
691 2168 885 2261 quiescentes
912 2162 1090 2262 positiones
1110 2166 1168 2236 ser·

174 2288 261 2338 vant.
312 2269 452 2360 Novum
478 2272 562 2335 certe
589 2262 653 2334 hoc
682 2266 842 2337 ratiocinii
862 2261 1089 2336 Astronomici
1112 2289 1167 2362 ge-

175 2363 252 2437 nus!
281 2384 318 2434 ut
332 2388 373 2433 ex
391 2362 587 2434 Planetarum
599 2364 809 2434 erraticorum
832 2361 1000 2460 systemate
1022 2366 1168 2433 Inerran·

175 2465 261 2536 tium
282 2463 374 2554 quies
392 2457 562 2531 inferatur:
589 2462 697 2532 cume
715 2481 823 2533 contra
838 2487 878 2532 ex
894 2458 1036 2532 lixarum
1055 2462 1167 2553 quiete

175 2556 340 2660 suppositax
352 2558 548 2632 Planetarum
561 2579 670 2629 motus
690 2556 898 2630 determinare
914 2554 1069 2628 haclenus
1082 2557 1165 2628 soliti

173 2657 341 2732 fuerimus.
386 2657 541 2752 Ignoratis
556 2657 709 2726 nimirum
717 2678 787 2727 ante
805 2659 861 2728 Cl.
872 2660 1078 2729 Newtonum
1085 2656 1167 2726 veris

173 2780 325 2830 motuum
338 2750 518 2825 coelestium
526 2752 627 2824 caufis
639 2749 826 2844 hujubnodi
839 2754 1019 2826 Corollaria
1033 2751 1164 2824 nobilis-

175 2853 252 2927 sima
268 2875 306 2926 ut
322 2855 540 2950 ignorarentur
551 2872 618 2921 erat
629 2853 760 2924 omnino
772 2850 939 2923 necessum.

223 2956 323 3022 Corosl.
343 2956 414 3043 (2.)
455 2953 544 3020 Cum
565 2946 704 3020 lixarum
723 2952 895 3046 parallaxis‚
927 2949 1026 3020 etiam
1050 2971 1165 3028 armna,

171 3051 290 3134 tantilla
310 3047 362 3128 sit,
378 3069 416 3120 ut
433 3048 492 3118 vix
507 3043 779 3119 Observatoribus
794 3043 1035 3120 accuratissimis
1054 3045 1168 3120 setara-

169 3145 245 3220 dem
258 3145 383 3243 prodat,
409 3148 492 3216 vires
504 3168 625 3223 earum,
650 3145 694 3215 ob
714 3145 895 3217 immensam
919 3170 1096 3242 corporum
1113 3142 1167 3215 di-

171 3244 327 3324 stantiam,
357 3243 461 3315 nullos
488 3239 622 3314 effesius
648 3242 820 3316 sortientur
845 3240 999 3315 sensibiles
1024 3243 1058 3314 in
1081 3244 1169 3342 regi·

172 3366 233 3414 one
251 3340 426 3439 systematis
446 3338 557 3411 nostri.
1012 3418 1015 3423 y

218 3443 319 3510 Coroll.
360 3445 429 3533 (3.)
467 3435 569 3527 Unde
593 3437 735 3530 sequitur
763 3436 962 3537 Astrologiam
1015 3437 1166 3512 udiciari-

163 3563 228 3617 am,
252 3562 352 3631 quam
365 3557 494 3616 vocant,
520 3560 583 3607 non
602 3535 706 3608 solum
724 3537 921 3607 Planetarum
937 3535 965 3607 se
1004 3542 1038 3606 δι
1060 3537 1161 3617 fixa-

168 3659 243 3707 mm
262 3632 413 3731 pos1turis
432 3641 468 3706 &
491 3633 665 3707 influentiis
689 3636 841 3713 innixam,
866 3637 955 3705 omni
974 3653 1066 3705 certo
1084 3632 1163 3706 fun·

61 3797 63 3800 ,
167 3732 318 3804 damento
335 3755 457 3803 careret
485 3734 665 3804 cum'vires
687 3732 840 3804 maximas
853 3756 967 3804 eorum
984 3755 1160 3827 corporum

156 3832 322 3931 supponat
344 3855 422 3928 quas
435 3831 579 3923 minimas
589 3833 689 3930 plaic,
715 3827 780 3911 slve
800 3831 906 3926 potius
919 3832 1164 4000 omninqnullsass

478 3951 481 3957 ·
678 3946 684 3956 ’
1100 3953 1118 4001 e
1145 3951 1164 4001 e
