2438 4328
124 137 190 214 ¹70
394 111 840 187 νΜιῐοτιοΝεε
941 150 944 155 ·

117 242 419 327 Thinomnibm
650 248 1008 422 turbulentiis.)
1064 260 1110 331 Et

116 353 199 425 vire
212 268 786 441 acceleratricesffiorporum
809 351 846 418 T
863 356 898 421 δι
922 355 955 419 L
992 374 1055 429 unt
1073 375 1111 426 ut

115 446 273 523 dislmtiae
288 447 371 519 n.
386 447 419 515 tr
434 443 516 514 vires
527 439 698 534 adjeffitiae
710 443 729 519 l
743 465 875 541 corpore
899 452 925 516 S
944 449 1111 532 mimda,

118 541 339 620 &secundum
358 541 471 612 lineam
497 544 560 610 TL
583 539 745 613 tendentes
764 541 847 623 sunt,
872 541 958 618 sicut
976 545 1045 636 jam
1059 552 1111 621 vi·

115 643 237 724 dimus,
260 661 299 714 ut
320 637 442 713 eadem
464 635 621 713 dlstwtlae
645 643 721 710 TL.
771 644 865 739 Ergo
884 641 1008 721 summa
1028 649 1109 720 viri-

116 766 176 815 tm
200 744 271 814 Π)
294 742 329 807 &
351 741 425 811 LD
448 756 593 811 centrum
620 737 787 834 gravitatis
813 736 1014 837 respicientes
1035 744 1109 818 sunt

116 862 158 912 nt
177 834 333 910 dnhntiae
356 837 434 905 DT
452 840 484 903 St
504 838 580 906 TL.
630 833 692 907 Sed
710 836 835 908 viribus
889 839 1013 913 loribus
1041 867 1109 917 ma-

117 936 220 1028 jores:
246 931 390 1024 adeoque
406 926 547 1004 efficient
570 953 608 1004 ut
627 954 758 1029 corpora
775 933 826 1007 illa
865 934 1024 1009 escribmt
1048 942 1109 1015 El·

117 1032 220 1132 lipses,
233 1029 462 1129 eutprioribus
470 1025 584 1102 smiles
597 1050 689 1103 motu
701 1032 863 1112 celeriore,
876 1028 1022 1109 srmotus
1034 1059 1110 1133 pro-

115 1128 232 1223 jeeilis
247 1152 307 1228 pro
323 1128 373 1201 vis
385 1128 566 1222 remipetae
580 1126 749 1221 edjedlitiae
757 1130 877 1203 rarione
890 1135 1107 1217 accelereturr

118 1251 174 1301 tut
192 1229 320 1301 alterius
333 1226 447 1325 speciei
466 1222 615 1298 semotus
636 1222 692 1296 isle
712 1224 883 1322 projestilii
903 1251 1029 1305 maneat
1045 1230 1105 1307 da·

116 1347 182 1402 tus.
230 1328 326 1399 Vires
340 1325 473 1417 relique
492 1324 720 1396 acceleranices
739 1329 765 1392 S
772 1329 805 1393 D
819 1330 851 1393 nr
864 1327 928 1397 SD
944 1326 1104 1404 trahendo

117 1426 171 1497 illa
182 1447 313 1520 corpora
329 1421 490 1516 equaliter
501 1427 535 1491 Sc
551 1418 724 1509 secundum
743 1421 835 1492 lineas
853 1425 920 1503 TI,
946 1428 1027 1495 LK
1046 1426 1105 1523 ipsi

117 1526 191 1593 DS
212 1519 366 1618 parallelas
381 1519 426 1590 nil
450 1538 575 1589 mutant
594 1515 669 1588 situs
687 1540 794 1590 earum
814 1513 1027 1603 adinvicem,
1053 1524 1106 1596 sed

116 1617 239 1690 faciunt
253 1637 292 1689 ut
307 1614 370 1713 ipsa
394 1617 557 1709 aequeliter
577 1611 725 1686 accedant
751 1613 791 1686 ad
814 1615 928 1687 lineam
947 1622 1019 1701 IK,
1047 1620 1106 1718 ipsi

116 1720 182 1786 SD
203 1712 506 1814 perpendicularem.
560 1709 760 1810 Impedietur
783 1733 891 1784 autem
913 1710 971 1785 iste
998 1712 1042 1787 ad
1066 1721 1107 1790 li·

116 1839 207 1887 neam
230 1818 289 1883 IK
304 1808 441 1883 accessus
462 1807 608 1882 faciendo
621 1805 812 1906 utSystema
826 1834 1000 1907 corporum
1019 1819 1105 1886 T&

117 1918 169 1994 L;
191 1907 320 1990 hocest‚
339 1930 484 1979 centrum
491 1909 652 2004 gravitatis
666 1903 806 1977 duorum
817 1913 852 1976 D
865 1932 906 1978 ex
920 1933 981 1981 una
992 1933 1081 2006 parte
1089 1942 1101 1996 3

115 2015 151 2078 St
171 2010 226 2078 Co
263 2032 299 2078 us
322 2011 349 2074 S
370 2028 411 2074 ex
430 2004 526 2075 altera
536 2001 627 2093 justis
647 2027 723 2074 cum
736 2005 961 2078 velocitatibus
979 2006 1104 2080 indato

114 2106 208 2201 plano
226 2031 400 2172 Zcundum
426 2102 518 2170 lineas
538 2101 691 2196 parallelas
719 2122 877 2199 gyrentur
901 2106 984 2174 circa
1010 2128 1103 2176 com-

114 2223 211 2271 mune
234 2199 397 2296 gravitatis
424 2220 567 2268 centrtun
593 2200 695 2270 trium
728 2206 761 2282 C.
811 2201 889 2271 Tali
911 2221 1006 2272 motu
1027 2226 1104 2274 cor,

113 2320 173 2395 pus
196 2299 221 2363 S
247 2300 303 2378 (eo
319 2291 411 2387 quod
438 2293 569 2365 summae
593 2316 743 2366 motuum
770 2299 923 2390 utrinque
942 2295 1102 2371 distantiae

21 2411 26 2419 '
112 2400 191 2474 SD,
218 2399 252 2463 ὃ(
268 2389 400 2489 proinde
414 2387 487 2488 ipfis
513 2397 576 2462 cD
602 2399 636 2463 &
662 2396 717 2461 CS
736 2390 859 2465 directe
878 2397 1102 2491 proportiona-

113 2492 157 2563 les
176 2488 305 2563 trahunt
324 2512 457 2586 corpora
469 2488 573 2560 versus
591 2510 737 2561 centrum
762 2496 829 2579 C:)
858 2488 1016 2563 describet
1038 2496 1100 2565 El·

110 2588 202 2686 lipfin
216 2589 300 2661 circa
319 2585 407 2660 idem
433 2592 467 2656 C.
495 2593 528 2658 δι
543 2588 698 2681 punctum
723 2592 758 2655 D
780 2584 936 2660 describet
961 2589 1100 2687 Ellipsrn

111 2685 308 2761 consimilem
325 2687 343 2757 ὲ
366 2685 511 2781 regione3
538 2685 655 2755 interea
679 2681 760 2754 dum
780 2688 927 2783 Corpora
951 2690 988 2761 T
1006 2694 1040 2758 Sc
1065 2694 1098 2755 L

109 2807 240 2951 pergant
254 2783 384 2883 Ellipses
402 2780 468 2852 suas
480 2783 564 2852 circa
578 2800 724 2853 centrum
743 2780 862 2853 mobile
886 2790 932 2862 D,
959 2804 997 2855 ut
1009 2786 1100 2882 prius

134 2883 297 2955 escribere.

158 2977 308 3050 Addatur
316 2975 381 3068 jam
394 2997 507 3070 corpus
520 2957 669 3067 quartum
683 2982 723 3046 V.
749 2982 782 3046 &
795 2974 891 3049 simili
906 3000 1098 3075 argumento

109 3073 331 3152 concludetur,
352 3067 416 3141 hoc
437 3078 470 3140 δι
486 3072 640 3166 ρυηᾶυῐῃ
667 3077 696 3146 C
717 3072 846 3169 Ellipses
858 3076 941 3146 circa
950 3077 1100 3149 omnium

110 3194 279 3243 commune
295 3189 437 3240 centrum
455 3170 619 3262 gravitatis
644 3174 669 3236 B
693 3168 867 3242 describere
892 3168 999 3268 posse;
1025 3199 1097 3244 ma,

109 3262 254 3342 uentibus
266 3265 408 3338 motibus
420 3268 561 3361 priorum
577 3264 747 3361 corporum
772 3264 812 3346 T,
832 3274 874 3346 L,
894 3276 927 3338 Sc
946 3275 983 3348 S,
1008 3270 1096 3340 ci‘rca

108 3387 214 3438 centra
237 3370 272 3436 D
296 3370 330 3434 δε
356 3368 391 3442 C,
416 3361 469 3435 sed
489 3365 684 3458 aliquantum
700 3365 887 3438 acceleratis.
926 3371 972 3437 Et
982 3361 1095 3439 eadem

108 3465 169 3536 erit
180 3463 321 3558 plurium
336 3461 428 3537 ratio.

157 3563 257 3631 Coros.
277 3565 347 3648 (1.)
375 3558 482 3630 Culus
508 3557 692 3658 systematis
720 3583 894 3655 corporum
922 3562 1007 3636 circe
1036 3563 1097 3634 alia

108 3681 241 3753 corpora
256 3659 504 3736 revolventium,
530 3658 587 3729 ubi
598 3659 680 3729 vires
695 3659 877 3754 centripetae
889 3660 960 3730 sunt
972 3657 1098 3730 directe

106 3774 144 3830 ut
157 3753 324 3855 distantia,
350 3753 481 3852 Ellipses
499 3752 630 3849 exhibet
644 3753 735 3840 nobis
755 3777 931 3849 acturum
955 3779 1013 3825 nec
1024 3758 1098 3922 pdllo

109 3894 112 3899 ·
989 3876 1024 3920 m
1070 3878 1095 3922 o
