2438 4328
157 144 228 248 '358
409 145 878 218 rraettcrtoutas

156 294 185 341 Μ
209 277 381 359 tendentes,
389 301 424 348 ac
438 273 478 347 ad
493 275 596 348 Solem
608 298 772 367 nunquam
789 274 978 349 reversuri.
1014 280 1045 348 C
1046 303 1126 354 oman.

159 389 185 427 “
210 401 276 451 tem
294 377 362 447 satis
382 374 561 467 frequentes
584 368 643 442 sint
663 376 888 445 Cometarum
913 373 1122 460 adventium

156 486 196 534 “-
208 499 320 546 eorum
338 474 440 544 nullus
454 470 628 566 reperiatur
640 491 733 541 motu
746 469 827 543 ferri
842 473 1121 570 Hyperbolicolr

159 583 185 628 ‘⁶
210 574 368 643 velociore
387 568 492 662 quain.
504 563 645 636 cadendo
657 565 697 637 ad
718 570 828 639 Solem
841 573 1023 662 acquirere
1038 569 1119 650 debu,
1138 656 1144 665 ι

158 680 183 727 5‘
208 667 360 739 credibile
375 664 421 736 est
434 665 540 761 potius
560 664 590 732 in
606 662 751 735 Orbibus
766 665 865 737 valde
885 669 1119 740 Excentticisn

151 778 185 840 ‚r‘
211 767 300 835 volvi
318 790 370 834 eos
387 765 469 834 circa
488 761 605 837 Solem,
638 784 674 830 ac
693 759 764 856 post
781 759 996 860 longiffimas
1019 765 1119 862 periodo

56 872 65 889 ‘
159 861 185 913 ‘l
209 864 337 932 reverti.
388 863 441 931 Sic
451 859 536 929 enim
550 862 715 928 Numerus
726 881 844 930 eorum
863 862 1056 958 praefinitus
1069 859 1118 941 ello,

158 969 186 1008 “
210 982 245 1027 ac
264 953 389 1028 sortasse
409 980 470 1027 non
492 953 588 1045 usque
615 950 695 1024 adeo
716 980 862 1054 magnus,
921 962 1036 1056 Spatia
1054 982 1119 1032 auten
1201 1039 1203 1043 ,

157 1065 183 1109 “
208 1054 289 1124 inter
304 1055 408 1126 Solem
425 1052 576 1144 Fixasquc
599 1070 680 1121 tanta
697 1050 777 1132 sunt,
803 1075 844 1125 ut
874 1059 1042 1129 Cometae
1056 1059 1119 1128 revel

156 1160 183 1198 “
208 1152 296 1221 venti
317 1176 392 1222 curn
419 1146 556 1221 Periodo
580 1152 785 1239 quantumvis
810 1154 914 1248 longa
931 1152 1010 1226 satis
1025 1156 1081 1226 loci
1095 1151 1120 1223 lt.

157 1255 182 1313 t‘
207 1248 555 1319 Latutautemreelum
569 1242 696 1338 Ellipfis
711 1243 808 1317 estad
827 1252 939 1321 Latus
960 1253 1120 1323 rectumla

156 1352 182 1390 “
206 1344 322 1414 rabolae
348 1342 477 1415 eandem
502 1338 689 1412 Periheliam
717 1339 900 1416 distantiam
930 1345 1123 1426 habentium

156 1449 181 1487 “
205 1438 350 1512 distantia
370 1437 506 1536 Aphelia
519 1440 551 1509 in
565 1434 677 1531 Ellipst
690 1436 783 1510 estad
795 1444 913 1513 Axe-m
928 1465 1048 1516 totum
1055 1445 1122 1540 Etr

155 1547 181 1588 “
207 1534 266 1620 lis3
293 1540 486 1611 Velocitates
505 1554 611 1605 autem
631 1532 747 1606 suntin
767 1533 948 1611 dimidiata
965 1544 1124 1613 rationeto

156 1642 181 1682 “
205 1634 364 1706 rundemr
390 1652 582 1730 quapropter
600 1632 633 1702 in
658 1630 803 1703 Orbibus
824 1632 928 1707 valde
953 1640 1125 1710 Excennici

155 1739 180 1777 “
204 1734 284 1802 ratio
298 1730 368 1803 haec
387 1729 510 1801 accedit
528 1729 671 1822 proxime
693 1725 733 1798 ad
755 1731 919 1804 rationem
952 1737 1125 1828 aequalitatit

154 1837 179 1881 “
205 1831 344 1901 Tantilla
356 1850 462 1900 autem
474 1822 666 1904 differentia,
678 1848 751 1916 quae
760 1826 944 1900 intercedit
956 1833 1079 1903 ratione
1088 1856 1127 1901 nr·

154 1933 180 1989 §.⁶
203 1925 279 2014 joris
287 1928 318 1997 in
331 1925 478 1997 Parabola
491 1922 680 2000 velocitatis,
690 1920 840 1993 facillime
848 1926 881 1994 in
895 1923 972 1998 situ
981 1930 1084 2000 Orbis
1094 1925 1126 1998 d·

153 2027 179 2063 “
204 2019 399 2091 terminando
408 2017 636 2113 compensatur.
687 2017 1129 2114 HujusitaqueTabulatEle

147 2123 179 2165 ‘⁴‘
203 2112 384 2187 mentorum
399 2120 559 2186 Mutuum
570 2114 640 2184 usus
655 2116 829 2210 praecipuus
849 2114 912 2197 est,
944 2141 1053 2214 atque
1063 2123 1129 2193 etim

151 2219 177 2278 t‘
200 2233 329 2308 propter
345 2235 443 2305 quem
458 2211 544 2283 illam
564 2208 744 2281 construere
754 2234 859 2307 operae
879 2219 1050 2309 praetium
1064 2217 1130 2294 duxi·

150 2316 176 2371 l‘
202 2331 250 2389 ut,
276 2307 301 2380 st
318 2308 446 2403 quando
463 2331 566 2378 novus
577 2312 714 2379 Cometa
725 2307 900 2388 emerserit,
910 2310 1130 2407 poffimuscol,

38 2466 46 2482 .
151 2414 176 2454 “
200 2408 269 2478 latis
280 2409 440 2478 elementis
453 2403 635 2502 dignoscere
653 2429 689 2474 an
702 2405 820 2499 poterit
833 2401 897 2475 else
914 2410 1043 2503 aliquis
1050 2434 1131 2484 eran

150 2512 176 2561 t<
201 2506 312 2596 tiquis,
325 2527 438 2586 necne5
450 2527 486 2573 ac
494 2498 625 2596 proinde
634 2498 806 2571 Periodum
821 2501 1134 2599 OrbitaequeAxen

148 2606 173 2662 ἕ(
198 2599 416 2685 determinare,
440 2598 644 2689 reditumque
657 2595 835 2694 praedicere.
887 2601 950 2670 Ac
964 2601 1132 2676 sanemuln

148 2705 174 2753 tt
199 2722 249 2768 me
266 2695 394 2769 suadent
406 2717 443 2768 ut
458 2692 584 2766 credam
592 2698 762 2767 Cometam
775 2693 845 2764 anni
863 2716 955 2788 1531
975 2699 1020 2770 ab
1032 2708 1133 2798 Apim

146 2803 172 2855 tt
195 2795 409 2872 observatum,
435 2790 572 2864 eundem
593 2786 687 2861 fuisse
708 2815 782 2861 curn
799 2792 855 2861 illo
868 2795 933 2883 qui
952 2817 1042 2867 anno
1065 2809 1133 2890 ¹⁶07

144 2898 172 2935 “
195 2890 369 2987 descriptus
384 2887 431 2961 est
451 2891 469 2960 d
496 2891 616 2984 Keplero
640 2893 674 2957 &
693 2892 760 2959 Len
778 2909 945 2969 omontano,
975 2916 1133 2986 quemque

145 2994 172 3032 “
195 2988 258 3082 ipse
277 2991 394 3059 iterum
413 2982 571 3057 reversum
593 2981 663 3055 vidi
681 3004 716 3054 at
738 2915 904 3054 olrservavi
928 3010 1022 3060 anno
1047 2989 1134 3061 1682.

145 3089 170 3154 l‘
193 3083 367 3169 ‘Quadrant
390 3084 555 3156 Elementa
572 3081 690 3161 omnia,
715 3104 751 3149 ac
779 3080 839 3151 sola
857 3079 1071 3174 inaequalitas
1092 3111 1136 3183 pes

144 3187 170 3224 “
193 3177 360 3251 riodorum
379 3177 534 3250 adversari
560 3176 712 3248 videtur:
746 3173 815 3246 haec
836 3197 946 3247 autem
975 3201 1067 3254 tanta
1084 3207 1136 3253 non

143 3284 169 3348 ‘l
193 3274 288 3348 estut
301 3273 550 3372 causuPhyficis
563 3297 624 3343 non
632 3269 877 3368 pollitattribui.
903 3280 1046 3348 Saturni
1059 3283 1137 3352 enirn

144 3382 169 3418 “
193 3394 299 3444 motus
319 3374 482 3451 demeris,
508 3371 678 3465 presertim
698 3369 794 3464 Jove,
820 3371 862 3440 ita
888 3369 1138 3456 interturbatur,

140 3479 167 3541 55
192 3489 228 3538 ut
240 3491 294 3561 per
308 3472 431 3560 aliquot
444 3467 510 3539 dies
525 3469 663 3563 integros
675 3467 832 3548 incertum
842 3461 882 3549 st
890 3460 997 3557 hujus
1006 3475 1140 3546 Planeta
1177 3514 1182 3525 ·

141 3577 167 3630 (ί
191 3586 313 3658 tempus
329 3563 543 3636 neriodicum.
596 3571 707 3646 Qanto
723 3564 822 3659 magis
839 3561 961 3634 talibus
976 3572 1140 3642 erroribus

142 3672 166 3736 l·
191 3660 349 3735 obnoxius
366 3663 427 3732 erit
447 3667 597 3739 Oometa,
621 3661 681 3751 qui
697 3681 838 3751 quatuor
854 3682 931 3754 pene
946 3666 1091 3738 vicibus
1098 3670 1138 3741 al„

139 3772 168 3854 [t
192 3759 254 3852 tius
266 3761 407 3857 excurrit
426 3764 568 3864 dumne,
594 3756 748 3860 cujusque
761 3759 925 3860 tolocium
950 3763 1013 3837 uel
1030 3767 1138 3936 taqtil-

147 3863 150 3869 ’
336 3920 387 3996 q
638 3875 643 3887 '
701 3864 706 3876 '
1021 3874 1049 3958 {l
1086 3885 1142 3964 ltu
