2408 4304
10 78 40 151 Ι’
60 78 171 153 dinem
184 76 312 152 caude.
360 82 407 169 Et
432 72 505 160 inde
525 77 675 175 colligere
696 73 810 149 videor
833 74 924 171 quod
944 77 1048 158 cauda

10 196 38 249 ι
61 174 142 250 nihil
156 173 242 249 aliud
256 172 296 248 srt
312 200 410 270 quam
422 197 522 270 vapor
536 176 629 271 longe
644 171 853 255 tenuiffimus,
877 198 977 269 quem
993 201 1046 250 ca·

10 276 36 347 ¹'r
59 296 122 373 put
140 274 192 347 seu
213 275 356 346 Nucleus
376 277 522 344 cometa
535 295 590 370 per
605 273 740 343 calorem
757 271 849 342 suum
860 273 997 344 emittit.
1024 359 1026 363 ι

10 394 33 445 n
111 376 274 443 Ceterum
297 368 339 442 de
359 375 569 441 Cometarum
591 366 699 440 caudis
718 369 835 465 triplex
853 367 900 440 est
919 369 1045 467 opinio,

19 528 24 541 .
58 494 107 549 eas
124 471 176 540 vel
185 467 279 560 jubar
291 463 351 537 elle
367 468 446 539 Solis
464 490 519 561 per
542 462 735 540 transsucida
755 469 968 537 Cometarum
992 490 1045 537 ca-

10 549 26 635 .-'
55 569 125 664 pita
159 588 216 662 rop
257 584 364 645 atum3
391 563 444 633 vel
463 565 540 633 oriri
559 587 599 635 ex
616 562 803 634 refractione
822 564 902 637 lucis
918 564 950 635 in
969 586 1045 660 pro·

10 650 24 733 l
57 589 165 760 grelsd
181 664 214 760 ip
228 686 277 731 rus
296 660 428 756 acapite
450 663 596 730 Cometa
613 662 645 735 in
659 661 811 730 Terram:
838 660 891 732 vel
905 657 1045 755 denique

10 736 20 809 3
60 758 180 831 nubem
202 755 262 829 else
282 755 335 827 seu
352 779 502 852 vaporem
522 757 539 826 a
559 756 660 852 capite
676 761 823 853 Cometae
837 754 961 855 jugiter
976 756 1045 829 sur·

10 845 16 891 ¹
59 877 190 956 gentem
208 861 242 926 &
263 853 429 951 abeuntem
449 853 636 1020 inpartesa
662 854 732 924 Sole
750 853 878 925 aversas.
918 856 1046 953 Opinio
1071 941 1073 946 Ι

10 944 13 984 Γ
60 955 164 1050 prima
180 975 292 1022 eorum
303 947 418 1042 estqui
433 973 494 1020 non
519 975 575 1021 um
589 948 706 1020 imbuti
716 948 787 1021 sunt
799 949 924 1021 scientia
938 974 1046 1037 rerum

49 1051 252 1146 -opticarum
301 1051 389 1121 Naro
400 1044 493 1135 jubar
505 1047 624 1121 Solisin
642 1044 795 1117 cubiculo
811 1046 973 1120 tenebroso
981 1074 1045 1121 non

55 1146 199 1216 cernitur
211 1140 270 1214 nisr
289 1163 441 1235 quatenus
452 1142 510 1228 lux
523 1142 700 1224 reflectitur
721 1142 739 1213 ὲ
758 1143 927 1240 pulverum
941 1151 975 1218 δι
988 1144 1043 1217 fu·

58 1265 190 1312 morum
203 1240 361 1337 particulis
376 1263 431 1336 per
441 1264 543 1311 aerem
555 1239 673 1336 semper
689 1239 896 1316 volitantibus
910 1268 920 1310 a
947 1240 1043 1314 adco-
1161 1274 1167 1285 ·

59 1338 168 1430 quein
185 1361 251 1407 aere
268 1334 366 1411 fumis
385 1333 582 1407 crassioribus
596 1335 716 1408 infecto
733 1334 923 1434 splendidius
935 1334 993 1420 est,
1009 1345 1044 1411 δε

61 1432 181 1508 sensum
196 1432 311 1505 fortius
328 1431 421 1516 ferit3
449 1434 481 1503 in
497 1456 563 1503 aere
585 1434 717 1504 clariore
736 1435 862 1504 tenuius
881 1430 928 1504 est
949 1441 982 1505 &
998 1461 1040 1506 ae-

57 1532 147 1627 grius
158 1529 305 1602 sentitur:
332 1529 461 1602 incoelis
476 1527 1043 1622 autemabsquemateriareflectente
1126 1590 1134 1607 .

60 1628 185 1700 nullum
203 1623 263 1699 elle
279 1624 392 1723 potest.
439 1630 516 1698 Lux
535 1650 597 1697 non
614 1626 755 1696 cernitur
773 1647 927 1719 quatenus
941 1628 973 1697 in
989 1627 1048 1716 ju-

59 1723 132 1797 bare
143 1722 200 1802 est,
226 1721 278 1796 sed
288 1745 442 1817 quatenus
453 1721 526 1794 inde
540 1720 717 1794 reflectitur
732 1719 772 1793 ad
784 1723 895 1794 oculos
909 1721 1040 1811 nostros,

63 1825 150 1903 Nam
169 1817 251 1893 visio
263 1845 325 1892 non
347 1818 386 1892 fit
406 1819 464 1891 nisr
487 1843 541 1916 per
559 1817 661 1891 radios
676 1820 736 1913 qui
751 1819 906 1891 inoculos
923 1820 1040 1919 impin·

58 1939 152 2014 gunt.
201 1918 396 2009 Requiritur
417 1919 518 2014 igitur
541 1917 668 1988 materia
696 1918 800 2010 aliqua
820 1914 982 1989 relleclens
1008 1920 1041 2007 in

58 2016 188 2110 regione
205 2012 340 2092 Caudae,
365 2037 403 2083 ne
417 2015 538 2086 coelum
551 2034 658 2088 totum
675 2015 746 2093 luce
760 2014 839 2086 Solis
851 2010 1040 2088 illustratum

51 2110 261 2181 ‚uniformiter
286 2107 449 2205 splendeat.
500 2113 625 2206 Opinio
644 2108 777 2182 secunda
794 2111 902 2183 multis
922 2116 1039 2208 premi·

54 2226 115 2277 tur
136 2201 391 2280 difficultatibus.
441 2205 563 2276 Caudae
583 2231 742 2299 nunquam
763 2209 963 2304 variegantur
983 2234 1040 2287 co,-

59 2301 199 2375 loribuse
218 2303 283 2395 qui
296 2323 398 2374 tamen
412 2302 637 2376 resradtionum
655 2303 752 2374 lolent
767 2301 829 2374 else
841 2305 972 2375 comites
988 2304 1040 2377 ¹in·

56 2399 246 2496 separabiler.
295 2403 371 2487 Lux
388 2400 537 2496 Fixarum
556 2406 590 2470 δι
613 2399 809 2471 Planetarum
827 2395 975 2470 distinete
991 2397 1040 2497 ‚ad

53 2521 117 2579 ,nos
134 2492 301 2568 transmissa
314 2493 506 2567 demonstrat
524 2494 668 2568 medium
691 2492 817 2568 coeleste
835 2495 919 2567 nulla
938 2497 972 2570 vi
989 2492 1040 2567 re'·

51 2592 193 2666 ‚frastiva
205 2594 332 2689 pollere.
381 2597 468 2665 Nam
481 2590 573 2685 quod
585 2590 707 2664 dicitur
723 2590 800 2664 filias
815 2590 854 2662 ab
868 2594 1039 2759 AEgppdss

61 2712 197 2763 comatae
213 2713 437 2782 nonnunquam
451 2688 528 2760 visas
544 2689 649 2769 fuisse,
674 2687 710 2761 id
723 2688 874 2781 quoniam
886 2714 948 2760 ran
973 2713 1038 2763 rme

54 2789 228 2884 contingit,
251 2784 469 2858 ascribendum
481 2783 527 2858 est
542 2786 677 2858 nubium
685 2783 869 2864 refractioni
881 2783 1040 2858 fortuitae.

55 2885 210 2957 fixarum
229 2908 362 2978 quoque
370 2880 511 2967 radiatio
531 2889 565 2954 δι
580 2883 758 2956 scintillatio
778 2880 818 2954 ad
836 2880 1038 2959 refractiores

62 3001 133 3052 tum
165 2984 352 3055 Oculorum
382 3000 453 3051 tum
483 2981 560 3071 aeris
585 2980 713 3055 tremuli
741 2977 914 3053 referendae
941 2979 1036 3055 sunt:

61 3077 179 3174 quippe
211 3103 285 3171 qua
315 3076 450 3185 admotis
479 3077 576 3148 oculo
610 3075 805 3174 Telescopiis
837 3080 1036 3153 evanescunt,

62 3175 157 3244 Aeris
181 3172 411 3247 &ascendenti
470 3198 647 3272 ypvaporum
672 3195 807 3247 tremore
832 3173 872 3246 fit
897 3193 934 3250 ut
956 3172 1039 3249 radii

49 3268 153 3343 .sacile
163 3269 204 3342 de
214 3270 345 3370 angusto
359 3273 434 3371 pup'
455 3270 587 3369 ‚spatio
604 3297 659 3370 per
678 3272 763 3343 vices
776 3267 1041 3364 detorqueantur,

61 3364 103 3438 de
114 3367 225 3439 latiore
236 3390 341 3441 autem
348 3366 586 3465 vitnidlrjeclivi
598 3391 741 3467 apertura
747 3370 944 3462 neutiquam.
958 3366 1039 3443 Inde·

58 3461 204 3558 estquod
214 3464 391 3538 scintillatio
404 3460 544 3563 inpriori
557 3467 812 3565 casugeneretur,
825 3467 856 3538 in
865 3463 1038 3570 posteriore
1117 3473 1120 3477 '

58 3584 167 3668 putem
181 3559 294 3673 cellere
307 3569 340 3635 8(
348 3559 512 3665 cellariola
519 3561 691 3668 posteriore
701 3561 771 3637 casu
784 3560 1037 3732 demonssrlaatrrea

826 3700 829 3704 ’
895 3684 951 3758 gu,
984 3681 1036 3759 5¹¹¹.
