2438 4328
76 142 80 147 '
113 142 177 195 122
384 117 819 188 PReAELECTIONES

156 254 220 330 Ob
228 254 384 326 minorem
396 253 483 323 enim
496 253 528 322 in
540 251 653 340 majori
662 251 786 322 circuio
798 271 1106 326 curvaturameam·

104 381 172 452 que
194 356 227 427 in
253 351 468 448 sesquiplicata
486 350 606 420 ratione
626 348 787 422 radiorum
807 353 985 446 κόρακες
1012 352 1107 422 &ob

106 454 262 527 minorem
281 453 378 522 etiam
390 450 585 519 celeritatem
599 449 630 518 in
646 447 757 535 majori
773 449 907 526 circulo,
920 473 1060 542 eamque
1070 453 1105 520 iti

106 551 325 647 subdupiicata
339 549 457 618 ratione
470 544 634 617 radiorum
647 549 744 617 etiam
753 549 925 641 reciproca,
933 567 1037 618 erunt
1050 549 1105 618 vi-

106 674 154 724 tes
170 652 355 744 centtipetae
370 670 410 715 ex
430 643 604 713 rationibus
621 641 705 713 hisce
721 642 899 732 conjunctis
915 642 1107 726 derivandae

107 751 141 821 in
160 748 279 819 ratione
293 739 456 814 radiorum
472 743 635 836 reciproca
647 739 820 839 duplicata,
837 736 903 811 slve
922 743 1106 841 reciproce,

109 866 148 918 ut
161 841 315 935 quadrata
327 838 499 911 radiorum.
550 844 697 941 Q4E.D.

156 944 206 1012 Sit
224 942 310 1010 enim
329 938 468 1034 exempli
488 938 589 1031 gratia
609 935 715 1008 radius
736 937 851 1007 circuli
870 934 1003 1029 majoris
1019 933 1104 1009 radii

108 1038 225 1111 circuli
248 1038 379 1107 minoris
399 1033 588 1129 noncuplus,
616 1031 680 1105 sive
702 1054 739 1104 ut
766 1058 789 1120 9
811 1030 852 1104 ad
881 1058 910 1103 r.
936 1040 970 1103 δι
988 1033 1105 1105 sitve·

108 1136 220 1210 locitas
244 1136 274 1204 in
292 1133 411 1224 majore
426 1130 466 1202 ad
481 1131 685 1202 velocitatem
703 1135 733 1202 in
751 1133 873 1201 minore
886 1133 918 1201 in
930 1129 1104 1228 subdupli·

109 1254 179 1305 cata
193 1234 313 1302 ratione
328 1229 491 1300 radiorum
512 1231 687 1323 reciproce,
704 1226 770 1298 sive
784 1250 821 1298 ut
842 1253 855 1297 1
876 1225 915 1298 ad
937 1254 968 1323 3.
1010 1233 1103 1300 Cum

109 1351 281 1403 curvatura
300 1327 428 1418 majoris
444 1325 483 1396 iit
503 1325 542 1396 ad
557 1348 757 1397 curvaturam
775 1325 917 1404 minoris,
944 1346 984 1397 ut
999 1329 1104 1423 prius,

110 1431 144 1502 in
160 1429 295 1500 arcubus
311 1423 463 1496 similibus
484 1425 622 1514 aqualis,
641 1431 674 1493 δι
696 1427 726 1494 in
747 1422 921 1516 aequalibus
935 1425 1106 1521 reciproce

108 1546 148 1598 ut
163 1522 255 1604 radii,
271 1520 389 1594 necess'e
404 1520 449 1592 est
465 1540 501 1590 ut
516 1522 546 1591 in
561 1545 636 1591 arcu
651 1522 777 1593 alterius
791 1541 910 1616 partem
918 1521 1026 1591 solum
1041 1541 1107 1593 ter·

109 1625 188 1696 tiam
203 1620 401 1714 adaequante,
414 1643 512 1710 quem
523 1616 600 1690 dato
610 1640 758 1716 tempore
773 1618 953 1688 velocitatis
972 1618 1108 1690 alterius

109 1722 205 1794 triens
221 1717 324 1790 solum
336 1713 504 1794 describet,
523 1717 554 1786 in
568 1716 687 1805 majore
702 1714 741 1786 fit
756 1716 880 1788 alterius
895 1737 963 1810 pars
974 1735 1108 1787 tautum

110 1815 264 1918 vigesima
281 1816 410 1911 septima
427 1812 492 1884 sive
509 1835 547 1883 ut
567 1839 580 1882 1
600 1812 639 1883 ad
657 1839 711 1907 27.
738 1810 797 1882 Est
809 1835 887 1909 ergo
902 1814 1060 1885 velocitas
1073 1815 1107 1883 in

110 1918 235 1988 circulo
250 1913 366 2003 majore
385 1909 424 1981 ad
439 1913 641 1999 velocitatem
663 1913 693 1981 in
712 1911 833 1980 minore
857 1928 895 1978 ut
920 1933 935 1977 1
958 1907 1000 1981 ad
1023 1936 1055 2007 3,
1070 1917 1108 1979 &

111 2033 281 2084 curvatura
301 2012 333 2078 in
352 2007 470 2096 majore
487 2003 526 2075 ad
545 2020 748 2077 curvaturam
770 2010 800 2076 in
823 2008 943 2076 minore
958 2027 997 2078 ut
1027 2031 1041 2077 1
1065 2004 1109 2078 ad

114 2134 170 2202 27.
206 2103 308 2177 Unde
328 2106 376 2173 vis
393 2104 573 2196 centripetae
597 2107 753 2196 quantitas
778 2106 809 2172 in
837 2100 955 2190 majore
978 2105 1043 2175 erit
1064 2101 1108 2173 ad

111 2201 253 2295 ejusdem
264 2199 474 2292 quantitatem
495 2201 526 2269 in
546 2203 722 2272 minorent
742 2201 964 2295 redargulum
983 2224 1028 2271 ex
1048 2225 1109 2270 ve·

42 2379 46 2387 ,
107 2302 282 2372 incitate&
292 2297 498 2368 curvaturain
510 2295 627 2385 majore
640 2294 917 2386 coniundinufive
932 2320 945 2365 1
960 2316 992 2386 χ
1006 2322 1108 2369 πει.

106 2396 152 2473 ‘ad
172 2396 393 2491 reciangulum
414 2419 455 2464 ex
475 2395 644 2465 velocitate
671 2402 895 2465 &curvatura
921 2394 953 2463 in
978 2397 1109 2466 minore

110 2492 321 2583 conjundirn,
339 2489 404 2561 slve
424 2520 438 2587 3
463 2511 612 2585 >(27.:
627 2490 681 2560 81.
715 2489 778 2561 hoc
795 2489 853 2570 est,
878 2512 916 2561 ut
939 2488 1022 2563 radii
1042 2492 1110 2561 mi·

111 2592 197 2664 noris
220 2588 413 2682 quadratum
427 2612 515 2659 :1.
543 2586 582 2659 ad
608 2588 734 2678 majoris
760 2586 951 2680 quadratum
968 2620 1022 2658 .-.:
1047 2587 1107 2659 81.

110 2693 159 2762 Et
172 2686 216 2760 fic
232 2687 365 2781 ubique.
384 2692 490 2758 Erunt
502 2688 596 2756 etiam
610 2707 753 2781 tempora
760 2683 921 2779 periodica
928 2686 1018 2755 inter
1029 2684 1058 2756 se
1068 2705 1110 2756 ut
1162 2739 1166 2746 .

113 2813 169 2884 27,
196 2784 235 2858 ad
263 2810 293 2864 1,
318 2781 382 2854 hoc
397 2781 455 2861 est,
481 2785 512 2854 in
528 2782 726 2868 radiorum9
743 2781 783 2852 ad
810 2806 824 2851 1
852 2783 971 2852 ratione
985 2780 1108 2874 sesqui·

112 2887 225 2963 altera3
243 2880 289 2952 est
304 2884 389 2951 enirn
414 2904 468 2972 27,
495 2882 576 2949 inter
602 2887 678 2964 9&
702 2880 759 2957 81,
784 2877 889 2950 media
906 2880 1110 2975 geometrice

111 2979 380 3078 proportionali53
407 2996 503 3065 atque
517 2972 596 3045 adeo
609 2979 692 3047 ratio
709 3003 752 3071 27
764 2974 803 3046 ad
823 3001 836 3044 1
853 2979 995 3047 continet
1006 2977 1110 3047 ratio·

111 3080 185 3149 ne'm
203 3099 226 3160 9
243 3072 282 3143 ad
306 3097 319 3142 1
339 3078 373 3141 &
389 3069 530 3160 ejusdem
550 3069 590 3140 81
611 3073 650 3144 ad
670 3099 693 3160 9
719 3074 871 3144 rationem
886 3070 1109 3154 dimidiatam,

112 3170 180 3246 five
196 3167 450 3256 subduplicatam
472 3167 512 3237 81
534 3166 573 3239 ad
596 3194 650 3265 27.
675 3169 720 3266 [1
748 3198 757 3241 r
783 3196 797 3264 3
829 3195 879 3257 :9
902 3189 1003 3266 :272
1027 3169 1070 3242 81
1094 3197 1118 3241 t-

113 3269 198 3366 -ζ-ὲ]
227 3272 260 3338 &
287 3265 330 3337 fic
355 3268 451 3336 etiam
476 3266 610 3359 ubique.

115 3406 119 3411 -
163 3367 266 3435 Coroll.
283 3371 353 3451 (1.)
383 3369 471 3434 Cum
490 3386 632 3460 tempora
650 3362 814 3459 periodica
827 3367 857 3435 in
871 3362 934 3434 hoc
952 3363 1024 3435 casu
1043 3360 1107 3434 sint

43 3482 45 3487 ’
114 3464 196 3534 inter
211 3463 240 3533 se
255 3464 286 3534 in
307 3461 520 3556 sesquiplicata
532 3463 652 3532 ratione
665 3459 841 3541 radiorum,
869 3483 961 3532 erunt
977 3485 1110 3558 tempo·

112 3585 186 3630 rum
201 3557 436 3657 periodicorum
449 3558 601 3652 quadrata
624 3560 704 3629 inter
722 3558 750 3628 se
774 3581 811 3630 ut
831 3560 906 3630 cubi
928 3558 1109 3630 radiorum.
1142 3584 1148 3598 ·

114 3659 150 3731 si
168 3660 274 3751 itaque
291 3678 474 3753 temporum
500 3655 739 3752 periodicorum
762 3654 916 3749 quadrata
943 3654 1004 3751 firrt
1025 3658 1111 3726 inter

116 3755 145 3830 se
170 3777 207 3829 ut
236 3754 312 3828 cubi
344 3753 520 3834 radiorum,
539 3775 638 3826 erunt
656 3757 738 3826 vires
761 3757 951 3850 'centripetae
972 3755 1054 3825 inter
1079 3754 1113 3824 se

1067 3870 1107 3919 ut
