2438 4328
187 174 256 274 ,ει
438 159 949 241 restrictiorem

182 304 262 376 citer
281 291 483 377 celebrentur,
507 317 586 392 opus
597 319 664 366 non
679 290 726 367 cst
748 313 788 368 ut
811 295 853 366 in
873 295 1066 368 circulumni
1079 301 1138 375 tela

180 402 331 473 nulorum
354 389 555 493 dispofitione
573 392 682 465 orbem
694 395 801 464 Lunae
818 391 863 464 ab
883 391 968 467 orbe
989 397 1138 495 magnolp

180 520 306 574 remus:
331 490 394 564 boc
413 489 457 562 ell
472 488 571 563 modo
583 489 801 564 Observemus
829 497 912 582 (9)
943 496 1135 575 utAxern,lt

181 617 256 668 nam
281 587 416 665 nostram
433 586 581 661 fictitiam
602 608 789 686 portantem,
824 611 898 658 non
922 588 962 658 in
982 589 1048 683 ipso
1067 593 1134 666 ciui

179 717 254 769 rum
274 689 388 762 horum
429 687 510 768 lano,
547 686 600 758 sed
626 686 798 795 inmguo
825 687 985 782 angulani
1007 691 1133 783 vatia*

180 792 337 888 eclipticam
364 710 530 856 exibente
553 780 595 855 ad
615 782 700 855 idem
723 782 927 856 inclinatum
948 781 1132 858 constituant:

179 878 751 1056 iblllffillislffilffldll
766 882 904 1048 Ἣ
917 880 1130 1053 {lilii

179 1077 287 1175 quoad
316 1078 477 1149 tenuem
500 1075 595 1182 ipsam
617 1002 703 1147 nl}
727 1003 942 1172 tlteilignur.
1007 1079 1130 1150 Nonii·

178 1199 257 1250 vero
283 1181 299 1258 (
315 1199 359 1252 10
366 1177 384 1266 )
401 1171 503 1266 Quod
519 1171 584 1271 ipso
603 1175 747 1268 eclipseos
767 1193 920 1268 tempore
945 1196 1015 1247 tam
1033 1173 1123 1274 ipltl·
1146 1268 1149 1273 Ι

178 1298 212 1348 ta
227 1293 319 1345 motu
339 1271 466 1352 diurno,
489 1295 584 1364 quarn
599 1269 659 1365 ipsa
680 1273 770 1340 Luna
789 1268 971 1344 menstruo
991 1274 1089 1346 cietur.
1111 1271 1132 1343 l

179 1369 346 1469 perfedam
359 1372 463 1462 itaque
476 1364 635 1463 ecliplium
651 1361 931 1440 constructionem
949 1372 1133 1467 requiriturpl

178 1492 231 1547 ne,
255 1491 291 1540 ut
307 1467 397 1538 binus
411 1465 499 1537 hicce
515 1488 620 1536 motus
639 1461 844 1536 consimiliter
858 1464 897 1536 in
914 1464 988 1539 hoc
1005 1490 1133 1567 organon

176 1561 330 1638 bibeatur.
378 1560 478 1653 Quod
497 1560 626 1655 quidem
640 1559 725 1632 fastu
741 1558 785 1631 est
801 1557 1019 1637 facillimum.
1074 1566 1135 1636 llutu

178 1665 264 1736 enim
284 1683 370 1734 terrae
387 1660 529 1739 diurnus,
559 1683 611 1754 per
631 1657 747 1732 nudam
763 1658 857 1753 globi
879 1660 1044 1734 terrestris
1060 1662 1137 1734 citor

176 1785 253 1836 xem
271 1763 360 1832 suurn
381 1756 650 1838 convolutionem,
683 1756 790 1827 circuli
813 1753 959 1840 horarii,
998 1757 1062 1833 five
1082 1757 1137 1858 pult

176 1856 332 1957 graduum
359 1855 523 1951 aequatoris
545 1877 605 1952 ope
627 1850 716 1925 facile
743 1851 1011 1930 mensurandam.
1070 1859 1138 1930 Mn

177 1976 282 2028 autem
302 1959 402 2024 Lunae
424 1947 610 2034 menstruus,
639 1973 693 2048 per
719 1972 834 2022 meram
857 1952 979 2026 Globi
1004 1954 1139 2028 Lunari'n

176 2051 333 2123 directum
358 2049 614 2147 promotionem,
667 2071 697 2119 er
725 2066 823 2144 partes
849 2045 1000 2124 horarias
1023 2069 1141 2143 earunqt

176 2150 310 2229 minuta,
332 2142 466 2218 cochlear
477 2168 537 2255 ope
551 2145 615 2242 pari
631 2072 774 2216 licilirate
788 2141 1045 2222 mensurandam
1061 2152 1142 2220 iiten

174 2244 317 2341 ponitur.
362 2246 478 2338 Neque
498 2241 717 2338 maequabiliras
735 2262 843 2313 motus
859 2243 1031 2320 menstrui
1049 2248 1098 2318 erit
1110 2246 1144 2314 in

174 2339 366 2439 pedimento‚
400 2364 468 2434 quo
490 2339 595 2412 minus
617 2335 751 2411 eundem
768 2338 839 2409 satis
857 2362 1018 2416 accurate
1044 2340 1145 2417 exbibet

175 2463 337 2535 queamus·
361 2438 496 2509 Tantille
510 2437 593 2508 enim
612 2435 658 2509 cll
679 2434 746 2508 baec
764 2437 1006 2530 inaequabilitas
1022 2461 1060 2514 ut
1072 2435 1093 2511 st
1105 2461 1146 2509 uu
1213 2475 1215 2479 ·

175 2538 226 2609 nia
246 2536 397 2608 mediocri
423 2557 529 2607 morus
550 2530 698 2606 menstrui
731 2538 832 2604 Luna
858 2559 875 2604 a
909 2539 995 2609 Sole
1016 2532 1147 2636 quantitau'

174 2631 460 2708 accommodentur,
495 2633 552 2702 vix
582 2655 662 2727 opus
693 2632 750 2702 erit
779 2634 995 2706 accuratione
1015 2632 1147 2708 ulteriori:

173 2757 248 2828 quae
269 2739 372 2804 'tamen
399 2728 466 2800 latis
488 2726 577 2801 facile
599 2725 742 2799 adhibitis
764 2725 875 2797 mediis
902 2734 1006 2803 variis
1027 2727 1150 2829 procurri

172 2825 287 2927 potest,
318 2826 439 2922 fiquis
461 2848 562 2921 operae
584 2825 715 2920 pretium
741 2823 852 2894 eisdem
877 2829 1153 2925 excogitandum

174 2950 241 2998 care
263 2923 428 3023 putaverit.
472 2928 545 2992 Irno
560 2945 635 2992 vero
655 2919 799 2991 adhibitis
815 2920 1024 3015 quibusdam
1036 2923 1155 2999 orbicub

173 3018 267 3096 hosce
285 3045 392 3094 motus
408 3020 452 3090 ita
468 3019 550 3090 inter
569 3019 600 3090 se
622 3019 737 3090 Globis
757 3017 839 3089 hisce
855 3015 1035 3096 Tellurem
1059 3029 1094 3095 δι
1113 3027 1155 3092 tt

172 3141 245 3190 nam
262 3115 489 3216 exponentibus
508 3118 688 3188 connectere
708 3110 1044 3210 Opificesvalebunr,
1076 3118 1156 3194 utri

172 3238 219 3289 ter
244 3241 339 3312 quam
359 3213 427 3286 fieri
446 3210 555 3286 debuit
578 3234 684 3283 neuter
708 3236 814 3282 cotum
837 3213 902 3282 ullo
930 3219 1031 3310 pasto
1060 3213 1156 3304 motti

170 3310 275 3410 poffit.
341 3308 532 3383 Notabimus
559 3334 632 3380 vero
656 3315 673 3398 (
694 3307 783 3398 11⁰)
807 3314 936 3381 Lunttn
966 3306 1157 3388 nostiamli

171 3409 289 3480 &itiam
314 3408 491 3504 spbaericam
515 3431 567 3504 per
586 3408 735 3476 circulum
764 3404 899 3497 ejusdem
919 3409 1079 3484 diametri
1101 3410 1159 3484 rede

170 3507 285 3600 exponi
308 3504 414 3600 polle3
440 3506 593 3577 circulum
617 3505 765 3575 nimirum
785 3527 936 3596 opacum,
960 3505 1160 3581 circellisdia

165 3602 276 3699 phanis
293 3601 461 3674 duodecim
476 3628 533 3699 pro
547 3599 721 3696 digitorum
734 3600 1161 3692 eclipticorumtmumerudi*

168 3696 334 3771 stinilum.
389 3706 464 3785 Qut
486 3698 617 3794 quidem
646 3699 763 3768 ratione
793 3692 887 3768 simul
905 3703 1072 3799 Eclipses
1092 3702 1163 3800 ipsu,

164 3795 259 3871 slmul
292 3794 457 3870 earundem
484 3798 685 3894 quantitatem
720 3791 893 3892 exhibitas,
917 3801 957 3868 ἃ
992 3799 1164 3898 {penituit

1059 3901 1166 3993 n„
