2438 4328
176 255 244 328 244
459 224 888 297 rroctrcrrorrrs

232 363 337 435 coron
361 365 431 447 (2.)
460 361 494 429 Si
513 357 630 454 lphaera
647 360 768 455 integra
786 356 826 429 ad
848 379 996 429 centrum
1013 359 1122 453 usque
1141 376 1180 430 ex

180 457 367 550 hujufirrodi
384 455 490 529 fluido
511 453 649 533 constet,
673 477 818 525 centrum
838 455 962 527 nullum
978 455 1112 552 pondus
1131 456 1181 527 su·
1200 506 1202 510 -

182 557 333 638 stinebit3
360 552 497 652 pondere
511 551 656 624 universo
674 552 693 620 a
710 551 843 624 fluidifi
906 551 1112 635 afornicata,
1130 554 1184 626 vel

186 655 336 753 potiusin
352 650 415 722 hoc
427 650 497 722 casu
513 650 616 748 figura
626 646 787 745 sphaerica,
799 579 979 723 tudinium.

239 754 339 822 Coroll.
364 761 434 843 (ς.)
463 754 500 817 ln
528 749 701 840 aqualibus
721 768 828 818 autem
855 749 1006 818 dcentro
1026 745 1186 819 distantiis

186 846 298 920 eadem
327 845 445 942 semper
464 841 510 915 est
531 843 690 940 pressionis
707 846 878 938 quantitas,
903 839 968 914 sive
998 845 1032 915 su
1075 845 1184 916 rficies

187 941 355 1133 talu
368 869 1184 1136 narrantursaansaan

188 1160 322 1211 nuatum
341 1137 392 1209 sur
416 1158 447 1207 at
466 1161 504 1234 pe
560 1133 762 1208 ndiculariter
788 1135 961 1207 secundum
990 1136 1103 1208 lineam
1131 1163 1183 1207 re-

191 1240 289 1316 ctam,
313 1238 366 1306 vel
384 1163 482 1331 ἔφη
499 1260 520 1303 o
544 1237 631 1327 lique
649 1255 704 1330 per
717 1255 813 1304 tortas
829 1236 979 1305 cavitates
1001 1242 1034 1304 δι
1049 1238 1184 1314 canales,

191 1334 306 1424 casque
322 1333 477 1431 regulares
495 1333 546 1402 vel
561 1331 699 1402 maxime
714 1332 908 1427 irregulares,
934 1334 1050 1428 amplas
1063 1334 1120 1404 vel
1130 1358 1182 1403 an-

191 1427 390 1530 gustiffimas.
440 1430 539 1499 Hisce
554 1427 795 1501 circumstantiis
806 1426 994 1524 pressionem
1006 1431 1052 1499 nil
1064 1432 1179 1500 mutari

190 1530 356 1626 colligitur
367 1523 552 1624 applicando
567 1524 866 1597 demonstrationem
877 1523 975 1618 hujus
986 1525 1184 1624 proposnio«

178 1628 240 1698 -nis
258 1627 298 1697 ad
311 1626 396 1697 casus
413 1621 550 1720 singulos
568 1621 756 1695 fluidorum.

244 1727 345 1795 Coroll.
364 1723 432 1818 (4.)
457 1719 581 1792 Eadem
603 1718 869 1792 demonstratione
892 1721 1061 1815 colligitur
1076 1725 1183 1801 etiam,

180 1831 271 1921 sper
295 1815 545 1916 Propofitionem
565 1819 701 1912 priorem
730 1828 801 1908 56,)
836 1815 938 1905 Qiod
960 1816 1057 1891 fluidi
1078 1824 1183 1916 gravis

192 1942 295 2016 partes
313 1920 489 1989 nullumex
502 1912 655 2010 preffione
676 1913 822 2012 ponderis
841 1913 1052 1986 incumbentis
1072 1920 1186 2010 acqui·

193 2034 268 2086 runt
292 2036 419 2086 motum
440 2013 520 2083 inter
537 2012 589 2093 se3
626 2009 650 2081 sr
668 2010 769 2084 modo
791 2009 981 2084 excludatur
997 2032 1108 2084 motus
1128 2017 1187 2108 qui

82 2105 85 2111 ’
197 2134 239 2180 ex
253 2107 492 2180 condensatione
508 2111 637 2180 oriatur.

247 2209 348 2276 Coroll.
367 2213 440 2300 (5.)
467 2210 514 2277 Et
532 2226 694 2302 propterea
713 2201 737 2277 sr
755 2204 842 2277 aliud
864 2204 1006 2296 ejusdem
1020 2209 1186 2305 gravitatis

181 2300 484 2400 -specificaecorpus,
498 2300 589 2395 quod
600 2305 711 2396 nequit
720 2300 911 2383 condensari,
926 2305 1149 2402 submergatur
1157 2307 1186 2375 in

194 2399 259 2472 hoc
271 2397 391 2481 fluido,
412 2399 448 2473 id
462 2425 502 2471 ex
519 2396 670 2497 pressione
684 2398 828 2497 ponderis
843 2401 1055 2474 incumbentis
1064 2406 1188 2474 nullum

197 2498 341 2592 acquiret
353 2520 502 2580 motum3
529 2522 591 2569 non
602 2495 782 2576 descendet,
805 2521 867 2568 non
880 2497 1033 2579 ascendet,
1048 2524 1114 2570 non
1132 2525 1189 2568 co-

175 2636 182 2647 ·
196 2616 297 2766 petor
309 2594 448 2691 figuram
462 2594 549 2667 suam
565 2613 703 2666 mutare,
728 2592 958 2690 Sisphaericum
971 2595 1027 2677 est,
1046 2597 1190 2667 manebit

176 2740 180 2749 -
209 2691 401 2792 phaericum,
426 2717 489 2763 non
507 2690 649 2763 obstante
662 2688 826 2787 prelsrone,
869 2695 902 2763 Si
918 2692 1110 2786 quadratum
1130 2691 1188 2771 est,

175 2836 179 2843 -
201 2791 343 2863 manebit
346 2789 565 2958 1quadratum
598 2787 698 2882 idque
714 2784 779 2860 sive
792 2788 948 2870 mollesrt,
963 2789 1028 2862 live
1039 2781 1188 2864 fluidiffi-

200 2912 293 2960 mum
307 2915 317 2969 3
360 2912 412 2960 ire
428 2885 532 2958 fluido
544 2885 642 2958 libere
656 2888 785 2966 innatet,
811 2884 876 2957 sive
890 2885 995 2958 fundo
1014 2888 1189 2960 incumbat.

155 3027 179 3038 --
201 2985 313 3057 Habet
332 2988 417 3057 enim
435 2981 531 3056 fluidi
549 3007 617 3079 pars
635 2983 788 3074 quaelibet
806 2986 924 3055 interna
943 2987 1100 3057 rationem
1120 3011 1190 3056 cor·

201 3084 286 3176 poris
301 3081 451 3154 submerfi
467 3109 476 3152 ι
504 3087 537 3150 &
550 3105 606 3176 par
617 3078 664 3151 est
677 3083 758 3151 ratio
774 3083 919 3152 omnium
936 3082 1078 3174 ejusdem
1102 3108 1190 3180 mag·

198 3177 366 3259 mitudinis,
392 3180 519 3278 figurat,
544 3184 578 3247 δι
601 3180 763 3275 gravitatis
785 3177 938 3275 specificae
958 3180 1191 3252 submersorum

201 3300 389 3373 corporum,
439 3278 473 3349 Si
502 3298 616 3371 corpus
646 3273 864 3356 submersum,
893 3276 1017 3350 servato
1040 3277 1189 3375 pondere,

178 3414 181 3419 ·
200 3375 400 3466 liquesceret,
416 3381 448 3444 &
468 3371 762 3444 indueretsormam
778 3372 884 3453 fluidi,
910 3371 989 3456 hoc,
1013 3372 1036 3445 fi
1052 3379 1141 3472 prius
1151 3373 1191 3445 as-

201 3470 362 3551 cendcret,
388 3473 440 3543 vel
459 3468 672 3549 descenderet,
699 3474 803 3542 velex
820 3469 971 3568 pressione
984 3472 1124 3570 figuram
1137 3497 1190 3543 no-

173 3597 180 3636 :
203 3591 275 3640 vam
293 3568 470 3648 induceret,
495 3569 690 3638 etiamnunc
713 3567 891 3641 ascenderet
907 3572 960 3642 vel
975 3569 1187 3647 descenderet,

177 3670 255 3738 .vel
278 3665 414 3764 figuram
436 3665 558 3736 novam'
577 3665 707 3737 induere
732 3689 919 3764 cogeretur:
954 3664 990 3740 id
1016 3668 1099 3741 adeo
1116 3669 1190 3761 quia

201 3759 336 3863 gravitas
346 3761 427 3854 ejus,
439 3784 625 3855 caeteraeque
637 3760 789 3835 motuum
805 3763 903 3836 causae
919 3789 1111 3861 permanent.
1131 3770 1192 3835 At-

190 3866 260 3959 ·qui
276 3885 335 3963 per
351 3861 460 3936 casum
476 3882 509 3953 ς».
526 3867 622 3956 Prop.
636 3861 761 3956 prioris,
777 3862 839 3954 jam
853 3865 1038 3957 quiesceret,
1066 3871 1101 3935 ἀ
1111 3859 1196 3961 sigu-

117 3973 120 3981 '
188 3991 258 4042 ram
272 3965 455 4044 retineret:
484 3963 580 4059 Ergo
599 3959 748 4056 &prius
1091 3962 1193 4028 corel·
