2438 4328
169 154 218 234 μ
439 130 883 204 ΡΜιεστιοΝεε

170 280 278 339 terum
297 268 422 342 veroin
440 269 628 341 contrariam
649 287 769 369 partem
796 282 975 344 moveatur,
1000 263 1164 362 pandum

168 359 316 437 dividens
327 385 382 439 aut
395 364 574 461 inhencaut
589 368 619 437 in
632 368 822 438 contrariam
829 361 1075 459 partemtardius
1086 388 1163 440 mo,

171 462 323 544 rebitur3
352 485 448 562 prout
462 466 627 537 celeritatis
648 459 784 555 majoris,
810 481 865 532 aut
884 485 901 531 a
923 460 1044 559 pundo
1060 467 1098 531 K
1104 461 1163 550 di,

171 553 293 634 startiae
306 565 439 633 rationes
452 560 688 659 postulaverint.
740 560 804 632 Vel
811 559 956 639 demum,
982 556 1006 629 si
1020 561 1162 632 rationes

167 652 235 729 istae
252 656 312 728 fint
331 660 527 751 aequalitrtis,
555 667 588 729 δι
613 663 643 730 in
655 681 798 731 neutram
818 678 940 752 partem
952 658 1159 752 prevaleant,

166 755 325 852 punctum
336 752 482 828 dividens
498 759 528 828 in
542 779 681 829 neutram
689 777 811 854 partem
818 754 1016 831 movebitur,
1024 752 1160 848 sedum,

166 850 243 922 uino
251 848 403 944 quiescet.
431 848 1158 949 Undeinomnicasupunetumistuddividem

166 949 263 1021 Krut
277 949 431 1040 quiescet,
444 974 499 1024 aut
508 953 691 1026 movebitur
708 949 911 1024 'uniformiter
923 951 954 1021 in
967 951 1045 1020 linea
1058 953 1156 1023 recta.

182 1051 186 1055 “
214 1049 307 1135 (25.)
337 1050 520 1120 Commune
536 1045 681 1122 centrum
699 1047 860 1148 gravitatis
883 1045 1059 1143 systematis
1080 1071 1158 1120 cor·

163 1158 278 1236 porum
297 1142 336 1211 ab
355 1146 531 1217 actionibus
545 1170 716 1245 corporum
731 1142 812 1217 inter
824 1143 865 1222 se,
888 1141 970 1226 (five
990 1147 1155 1217 attractio·

163 1258 216 1306 nes
234 1233 305 1317 snt,
332 1237 396 1313 ssve
423 1244 590 1341 impulsus)
619 1269 681 1314 non
708 1262 810 1314 mutat
827 1238 964 1312 ¹statum
979 1242 1073 1313 suum
1100 1243 1155 1315 vel

164 1353 270 1405 motus
286 1333 337 1406 vel
352 1340 488 1432 quietis;
517 1347 550 1412 δι
570 1364 734 1439 propterea
758 1363 929 1434 corporum
953 1340 1102 1410 omnium
1119 1342 1154 1411 in

162 1427 193 1499 se
214 1450 330 1503 mutuo
345 1439 507 1532 agentium
527 1435 678 1519 (exclufis
691 1434 1152 1533 auionibusuimpedimentis

158 1545 216 1598 eut
225 1532 560 1612 externis‚autaliunde
568 1534 919 1623 arcessitir)Commune
928 1553 1073 1605 centrum
1081 1559 1153 1631 gm-

162 1623 269 1725 vitatis
278 1629 483 1722 velquiestit‚
497 1633 550 1702 vei
556 1643 707 1704 movetur
720 1632 920 1702 uniformiter
933 1632 963 1701 in
975 1628 1150 1704 director.

211 1728 296 1796 Nam
318 1723 341 1797 fr
359 1725 428 1800 duo
444 1754 576 1827 corpora
591 1732 642 1802 v'el
660 1732 775 1828 punciu
794 1749 830 1800 ut
851 1735 886 1798 C.
906 1731 952 1800 D.
978 1726 1150 1826 progredi·

159 1839 251 1892 entur
263 1824 417 1899 uniformi
436 1853 511 1900 cum
528 1849 621 1899 motu
647 1828 677 1898 in
698 1828 785 1896 lincis
806 1826 898 1896 retiis
922 1829 1092 1906 AGBD,
1112 1830 1149 1897 δι

183 1997 187 2007 ,
245 2001 250 2012 ,
392 1949 505 1996 eorum
521 1922 667 2001 distantia
692 1929 767 1992 CD
786 1919 953 1993 dividatur
972 1920 1004 1990 in
1026 1924 1148 2016 tatione

158 1996 303 2127 Wffls·
314 2004 362 2069 ⁶9·
393 2013 466 2091 data'
474 2049 485 2099 ;
501 2021 710 2115 (utilineaper
717 2041 887 2113 corporum
895 2039 1059 2090 motorum
1072 2029 1146 2092 cen·

157 2070 193 2149 ά
223 2086 346 2165 '3‘7'79‘
395 2132 440 2187 tra
456 2113 1095 2211 gravitatissempertranfiensacommuni
1106 2142 1147 2188 u·

153 2207 297 2310 triusque
320 2214 483 2309 gravitatis
497 2233 605 2282 centro
623 2218 664 2292 K,
689 2216 720 2283 in
742 2215 859 2284 ratione
881 2210 964 2292 data,
989 2212 1147 2286 nimirum

150 2298 336 2402 corporibus
355 2311 527 2406 reciproca,
553 2306 732 2398 dividitur)
766 2333 935 2379 commune
964 2305 1047 2380 illud
1070 2334 1146 2407 grn-

150 2403 258 2487 vitatis
277 2426 423 2477 centrum
444 2413 481 2477 K
496 2426 551 2476 aut
573 2406 734 2499 quiescet,
775 2427 829 2476 aut
856 2407 1041 2477 movebitur
1069 2408 1144 2479 uni·

148 2498 296 2572 formiter
322 2503 353 2573 in
381 2503 460 2574 linea
485 2503 570 2574 reeta
606 2510 687 2573 KH.
737 2500 869 2601 Ergofi
890 2514 1021 2600 corpora
1042 2525 1146 2599 quotq

148 2609 277 2699 'cunque
301 2595 492 2672 moveantur
522 2599 728 2700 uniformiter
747 2602 778 2672 in
803 2603 891 2673 lineis
916 2602 1022 2680 redis,
1048 2625 1144 2673 com-

146 2717 242 2768 mune
274 2715 427 2771 centrum
445 2694 588 2770 duorum
614 2700 802 2790 quorumvis
827 2701 880 2769 vel
911 2696 1059 2790 quiescit,
1085 2696 1143 2771 vel

142 2793 351 2960 progreditur
363 2793 570 2868 uniformiter·
584 2795 616 2864 in
637 2796 715 2867 linea
726 2797 833 2877 reeta3
862 2816 1026 2891 propterea
1043 2793 1140 2886 quod

156 2890 222 2979 inea
236 2888 353 2965 h'orum
371 2891 546 2988 corporum
558 2912 663 2979 centra
678 2895 710 2963 in
728 2893 820 2963 reetis
840 2890 1140 2987 uniformiterproe

140 2981 317 3083 'gredientia
334 2984 467 3086 jungens'
484 2984 705 3058 dividitur'ab
725 2987 978 3060 hoc'communi
995 2987 1138 3060 duorum

139 3077 421 3182 gravitatis'ce'ntro
434 3084 464 3153 in
479 3084 598 3152 rarione
611 3084 701 3155 datu.¹
746 3086 898 3163 Similiter
914 3093 947 3156 &
963 3088 1138 3156 'commune

140 3184 285 3252 centrum
298 3181 461 3277 gravitatis
476 3177 595 3252 horum
615 3177 757 3252 duorum
771 3189 805 3250 &
821 3185 910 3255 tertii
924 3181 1062 3274 cujusvis
1082 3183 1137 3259 vel

137 3269 285 3373 quiescit,
312 3279 363 3348 vel
380 3273 595 3372 'progreditur'
623 3277 826 3348 uniformiter
853 3281 885 3350 in
912 3282 992 3350 linea
1020 3279 1107 3356 resia
1118 3304 1132 3362 ς

112 3382 113 3386 ’
135 3383 301 3468 propterea
322 3366 415 3466 quod
432 3352 470 3461 ti)
490 3397 529 3443 eo
543 3372 705 3446 dividitur
723 3373 867 3447 distantia
883 3379 1046 3473 gravitatis
1058 3399 1134 3447 cen·

136 3469 179 3556 ¹tri
198 3473 377 3542 communis
392 3493 566 3567 corporum
581 3470 724 3543 duorum
738 3479 771 3541 &
789 3476 893 3544 centri
908 3474 1048 3568 corporis
1066 3481 1133 3544 t'er·

118 3565 174 3652 tii
193 3564 317 3666 indata
334 3568 467 3665 ratione,
494 3572 622 3666 corpori
633 3592 745 3664 nempe
759 3576 793 3639 &
813 3569 973 3665 systemati
987 3569 1132 3642 duorum

115 3692 118 3697 ·
133 3661 497 3760 'corporumreciprocaz
525 3671 614 3740 Nam
627 3690 796 3736 commune
809 3670 972 3760 gravitatis
985 3685 1132 3756 centrum

130 3752 272 3866 duorum
297 3757 330 3833 in
350 3764 436 3858 reete
459 3763 672 3835 uniformiter
691 3763 909 3862 progreditur,
933 3784 1030 3861 atque
1051 3761 1152 3836 adeo·

584 3868 586 3872 ’
1062 3862 1130 3958 rari
