2438 4328
122 188 173 252 2'6
385 168 826 247 PMLECTION'ES

128 314 385 411 pnsabsoluttnn
413 333 544 385 tmotu
567 337 689 394 rerum,
719 307 1021 406 nedumaquiete3
1046 338 1109 389 nec

124 411 259 506 quidem
273 411 315 484 ab
329 409 627 483 nnmexistentia:
655 410 729 483 Sive
740 413 825 482 enim
838 434 885 480 res
899 413 1022 504 quaevis
1032 418 1110 486 exi·

122 507 195 591 flat,
219 508 285 581 five
301 532 367 581 uon
380 504 497 579 exulat
506 535 518 590 3
546 507 613 597 five
629 532 677 580 res
696 504 831 579 existens
850 529 1020 580 moveatur
1040 507 1109 582 srve

119 630 185 683 non
202 626 384 685 moveatur,
405 602 631 703 perindeestin
647 603 711 678 hoc
723 604 808 677 casu.
857 607 945 678 Fluit
959 608 1107 705 Tempus

121 704 334 800 :qmbilitem
349 724 515 796 utcunque
533 729 580 775 res
592 705 715 797 quevis
725 699 973 774 aliaesehsbent

121 886 126 893 Ι
171 807 244 898 (3.)
270 804 415 896 Tempus
429 801 631 880 Reletivtun,
655 803 831 897 Apparens,
857 805 890 871 &
907 802 1050 898 Vulgare
1058 799 1107 874 est

120 897 264 990 Sermbr'lis
278 905 312 969 &
325 917 453 970 externa
466 900 589 991 quevis
603 899 805 978 Dmationis,
833 895 898 968 five
910 921 967 995 per
976 919 1106 973 motum

121 990 189 1065 live
202 1018 257 1090 per
274 990 444 1066 methodos
458 996 529 1086 alias
548 996 725 1090 Mensem
752 992 818 1066 srve
836 1017 982 1067 accurata
1000 993 1040 1067 stt
1053 998 1106 1071 ills

119 1090 274 1187 mensim
297 1089 363 1163 live
380 1093 574 1186 inaequnbilis
586 1120 599 1176 3
624 1093 690 1186 qul
830 1093 903 1164 vice
914 1095 983 1166 veti
995 1095 1102 1165 Tem-

119 1190 205 1287 poris
223 1190 326 1262 utitur
333 1216 347 1272 ς
374 1193 427 1263 Ut
442 1192 545 1270 Hora,
557 1191 649 1270 Dies,
663 1192 725 1262 Me
810 1192 934 1263 Annus
979 1190 1104 1264 Mundi

72 1340 78 1351 s
119 1285 173 1356 uel
195 1283 380 1384 systematis
403 1286 541 1378 cujusvis
560 1313 579 1359 a
596 1287 754 1386 principio
769 1285 811 1360 od
835 1285 932 1360 finem
955 1287 1104 1387 perseve-

119 1385 232 1464 rantia,
256 1389 323 1456 διε,

168 1483 314 1576 Tempus
334 1479 531 1553 Abblutum
552 1506 570 1552 a
598 1482 752 1556 Relativo
768 1477 979 1580 distinguitur
998 1483 1031 1555 in
1051 1485 1103 1553 A·

120 1571 291 1649 lirorromil
301 1603 358 1675 per
375 1580 587 1672 equationem
604 1583 756 1677 temporis
774 1579 878 1676 vulgi.
929 1580 1103 1672 inequales

118 1676 204 1746 enim
221 1673 291 1747 lirnt
307 1674 374 1748 dies
392 1678 555 1756 naturales,
580 1679 640 1769 qui
666 1679 767 1774 vulgo
792 1691 942 1770 tanquam
967 1679 1103 1768 equales
1132 1738 1136 1749 .

116 1770 330 1868 promensurn
348 1776 500 1870 temporis
520 1769 686 1845 habentur.
735 1774 827 1845 Hanc
852 1775 1101 1865 inequalitatem

116 1871 284 1967 corrigtmc
305 1867 505 1951 Astronomi,
530 1891 568 1940 ut
594 1895 634 1941 ex
660 1869 780 1942 veriori
808 1892 951 1966 tempore
974 1869 1101 1942 mensu-

116 1987 187 2037 rent
197 1988 304 2037 motus
318 1962 472 2045 coelestes.
520 1963 667 2038 Possrbile
687 1965 733 2039 est
755 1987 793 2039 ut
815 1968 919 2045 nullus
938 1965 976 2037 fit
991 1988 1101 2039 motus

117 2062 278 2154 eqtrabilis
290 2087 359 2156 quo
371 2083 496 2159 tempus
513 2087 656 2136 accurate
676 2064 887 2148 mensuretur3
917 2065 1099 2138 Accelerari

116 2162 151 2226 ἃ
164 2157 332 2231 Ketardarl
351 2155 477 2256 poliunt
492 2181 600 2231 motus
618 2166 725 2234 omnes
733 2187 745 2244 3
777 2160 830 2233 sed
848 2160 956 2233 fluxus
973 2182 1099 2256 tempo-

115 2254 159 2326 ris
175 2254 309 2328 absoluti
334 2259 452 2328 mutati
475 2260 601 2351 nequit.
649 2256 773 2330 Eadem
797 2279 882 2330 certe
902 2257 948 2330 est
969 2255 1100 2331 duratio

116 2350 171 2423 vel
183 2351 406 2451 perseverantia
425 2351 598 2445 eristemiae
616 2379 735 2434 rerum,
761 2352 825 2427 srve
837 2376 944 2427 motus
962 2351 1024 2428 smt
1044 2380 1097 2427 ce·
1134 2367 1137 2374 '

116 2449 209 2530 letes,
233 2447 298 2521 five
318 2447 413 2530 tardi,
438 2447 505 2522 srve
518 2453 608 2523 nulli.
659 2449 796 2547 Proinde
820 2449 889 2525 boec
908 2477 925 2523 a
946 2452 1096 2524 mensuris

115 2543 177 2618 mis
191 2543 385 2631 sensibilibus
404 2550 520 2619 merito
535 2546 757 2647 distinguitur,
782 2556 816 2620 &
834 2575 876 2619 ex
894 2546 1006 2621 iisdem
1028 2552 1099 2621 col·

113 2643 227 2743 sigitur
244 2669 300 2743 per
321 2647 531 2738 aequationem
556 2643 822 2719 Astronomicam.
872 2650 909 2715 In
930 2641 993 2717 hoc
1013 2649 1099 2718 enim

115 2741 287 2814 incubuere
300 2741 496 2822 Astronomi
511 2765 547 2815 ut
558 2769 599 2815 ex
607 2743 814 2837 inaequalibus
822 2765 993 2838 corporum
999 2746 1099 2820 coele-

41 2865 44 2869 ’
112 2832 210 2925 ilium
226 2840 380 2920 motibus,
405 2861 533 2912 motum
552 2841 634 2912 circa
656 2836 788 2934 aliquod
820 2860 965 2912 centrum
989 2864 1101 2932 equa-

113 2934 210 3006 bilcm
235 2940 389 3034 reperiant
400 2963 413 3018 ;
445 2933 529 3008 unde
551 2940 645 3009 etiam
675 2938 875 3010 durationem
898 2937 1098 3030 aequabiliter

114 3026 266 3104 fluentem
285 3032 408 3108 facilius
429 3037 652 3106 &accuratius
669 3034 858 3106 mensurent.
995 3111 998 3114 Δ

159 3133 232 3225 (4.)
260 3134 404 3226 Spatium
418 3129 634 3212 Absolutum,
660 3138 798 3212 Verum,
824 3137 858 3201 &
883 3127 1094 3204 Mathemati-

113 3252 190 3320 cum
209 3221 254 3297 est
267 3228 477 3323 penetrabilis,
491 3226 742 3324 indiscernibilis,
769 3227 953 3308 immobilis,
979 3226 1040 3301 fibi
1056 3254 1097 3300 u-

112 3321 211 3415 bique
230 3319 349 3405 srmilrs,
376 3347 500 3405 aeterm,
526 3333 559 3397 ἃ
576 3323 698 3398 infinita
715 3321 882 3398 Extensro.

161 3419 325 3515 Nunquid
342 3419 526 3513 hujusmodi
541 3423 719 3499 Extensum
735 3449 752 3494 t
773 3416 919 3517 Corpore
932 3417 1094 3493 diversum

111 3519 222 3590 reverl
231 3518 343 3592 existat
356 3544 452 3591 necne
468 3521 525 3592 alia
537 3519 747 3614 estquaestioe
772 3522 850 3589 Hoc
859 3516 964 3589 saltem
972 3515 1011 3587 ab
1021 3542 1094 3588 om-

107 3615 200 3697 nibus
214 3615 289 3690 sanis
306 3615 560 3699 concedendum,
586 3615 666 3692 hanc
688 3613 748 3688 else
768 3639 972 3687 communem
994 3617 1094 3708 Spatii

107 3711 195 3812 opud
213 3739 321 3787 omnes
336 3716 512 3796 notionem,
537 3734 634 3808 atque
647 3712 728 3796 tideo
743 3708 803 3783 else
823 3714 905 3784 inter
928 3708 1099 3785 definitio·

107 3833 184 3898 ones
211 3809 440 3912 reponendum.
492 3813 584 3885 Sicut
603 3813 687 3883 enim
708 3810 892 3894 Geometrae
912 3808 1095 3976 Ciffflssffi’

175 3929 177 3936 ’
1049 3928 1094 3976 rr-
