2438 4328
169 150 241 235 '192
439 146 897 216 PMLECTIONES·

166 265 654 366 urllmutradius,adtriplum
664 261 1163 369 finumrestumdistmtiaesateb

166 366 625 536 limiquadratmppromma.
640 365 1164 465 Undefiratiovisperturbatricir

165 470 237 732 fir}
243 468 415 732 :priiiftitlrlps
428 561 532 673 [olum
546 562 765 750 pnnottescget,
778 566 827 675 νίς
838 565 1162 745 pertuppaffigg

165 687 207 734 ve
274 688 308 731 m
346 686 381 733 ac
407 683 654 733 einnotecere.
722 683 834 733 uamrt
875 687 914 732 ue
968 688 987 732 c

165 755 406 858 iuvestigamus.
453 760 515 853 Yis
532 758 746 854 perturbatrix
773 687 927 849 251²}qu
949 767 977 828 S
979 783 1030 856 p„
1045 757 1097 831 est
1121 754 1161 830 ad

165 858 238 929 uim
252 856 458 953 ceutripetarn
474 857 621 953 prunarii
640 859 673 927 iu
692 858 814 936 Solem,
850 879 888 928 ut
904 859 985 927 linea
1008 863 1035 925 S
1039 864 1085 944 1²„
1109 857 1162 928 vel

164 960 237 1052 Sp,
258 950 299 1025 ad
322 953 441 1039 lineam¹
460 959 555 1052 523
583 950 648 1025 five
670 974 707 1026 ut
725 950 873 1030 distantia
896 954 1034 1026 satellitis
1056 954 1163 1049 apri-

166 1051 280 1129 mario,
304 1046 346 1125 ad
361 1047 542 1124 distantiam
565 1052 644 1122 Solis
668 1051 706 1141 ab
736 1049 851 1122 eodem
896 1054 1039 1123 rimatio.
1098 1052 1162 1124 Vis

166 1169 276 1222 autem
298 1151 398 1220 centri
439 1168 471 1221 ta
488 1148 633 1244 primarii
651 1149 814 1228 insulem,
839 1173 856 1219 e
896 1148 938 1221 ad
951 1149 1163 1241 vimeeutri·

165 1268 273 1346 petam
298 1245 394 1319 secun.
445 1247 529 1319 uin
553 1247 759 1326 Fumarium,
783 1266 833 1341 ut⁴
849 1266 1034 1343 temporum
1053 1246 1166 1342 perip-

168 1342 321 1425 dicorum
338 1340 505 1438 quadrata,
527 1339 625 1414 dubia
640 1342 673 1413 in
694 1344 888 1414 circulorum
908 1342 1013 1415 radios
1033 1371 1046 1413 a
1083 1344 1161 1417 sive

169 1461 211 1513 ut
235 1446 261 1509 S
267 1448 327 1534 Q,
357 1437 399 1511 ad
420 1443 498 1520 512,
514 1441 575 1511 vel
598 1446 646 1535 Sp
655 1467 666 1520 3
702 1446 738 1511 &
755 1462 793 1511 ut
814 1461 998 1537 temporum
1013 1440 1163 1537 periodi·

168 1562 285 1617 rprurn
299 1534 450 1630 quadrata
469 1535 575 1609 fimul.
627 1534 728 1608 Unde
745 1562 786 1608 ex
807 1563 903 1631 aequo
923 1541 969 1611 vis
991 1538 1162 1635 perturba·

168 1636 259 1735 tricis
270 1637 445 1731 quantitas,
463 1637 526 1706 erit
542 1630 583 1706 ad
603 1635 670 1704 vim
691 1637 867 1731 gravitatis,
895 1636 1034 1729 (ratione
1052 1637 1161 1732 priore

166 1738 197 1806 S
200 1740 243 1816 P,
252 1735 305 1805 vel
319 1739 366 1831 Sp
385 1728 425 1805 ad
440 1740 465 1802 S
469 1740 522 1831 ρΣ
543 1731 698 1803 rationem
712 1734 839 1804 alteram
855 1735 1057 1829 reciprocam
1081 1737 1163 1830 ὄρ,

169 1828 212 1903 ad
232 1836 257 1900 S
266 1838 307 1912 P,
331 1832 385 1903 vel
408 1834 454 1926 Sp
476 1830 680 1926 perimente,)
705 1851 742 1901 ut
760 1851 943 1928 temporum
970 1828 1163 1903 Periodico-

167 1926 417 2022 uunquadrata.
465 1934 512 2025 Q
526 1935 568 1998 E.
580 1933 629 1996 D.

218 2029 412 2095 corollarium
445 2030 540 2113 (1.)
593 2028 683 2094 Cum
711 2024 819 2119 itaque
853 2045 980 2122 tempus
1012 2024 1160 2121 periodi·

168 2145 247 2192 cum
272 2126 374 2191 Lunae
398 2116 438 2190 fit
466 2128 616 2214 39.343'.
636 2127 669 2190 &
694 2142 818 2219 tempus
843 2120 1046 2217 periodicum
1070 2114 1161 2219 Ter-¹

168 2242 212 2288 rat
233 2219 317 2290 circa
335 2217 438 2287 Solem
461 2224 632 2309 525.969'.
682 2221 756 2289 Erit
776 2223 824 2291 vis
841 2219 1059 2314 perturbatrix
1083 2217 1161 2300 81³,

169 2311 223 2401 ad,
239 2315 309 2385 vim
339 2315 501 2411 gravitatis
532 2315 637 2387 versus
669 2316 803 2388 Terram
833 2314 917 2413 apud
942 2322 1088 2395 Lunam,
1121 2335 1160 2388 ut

173 2418 311 2508 39·343'
334 2431 364 2499 ><
387 2418 536 2507 {praefi
559 2410 601 2483 ad
629 2423 789 2502 525·969'
816 2433 844 2502 ><
870 2420 1051 2505 525·969'=
1078 2416 1162 2484 Hoc'

169 2505 229 2589 est,
253 2530 291 2582 ut
320 2506 587 2605 1.547.871.649
614 2505 654 2579 ad
681 2506 1092 2608 276.643.388.9611ive,
1118 2527 1162 2582 ut
1194 2526 1199 2537 '

501 467 569 559 vim
594 467 738 561 primarii
763 469 990 563 erumperant,
1024 448 1094 540 five
1120 458 1161 539 a'd

174 2657 246 2731 rad
271 2658 410 2754 1783(
443 2663 586 2732 Etcum
608 2665 658 2733 vir
680 2665 773 2743 SM,
804 2667 855 2735 vel
878 2669 942 2733 Sm
966 2665 999 2735 in
1016 2665 1161 2736 maxima

169 2760 427 2853 sua-quantitate,
446 2757 519 2838 sive
534 2760 566 2829 in
578 2757 734 2855 syzygiis,
762 2759 802 2832 fit
820 2761 860 2832 ad
877 2764 946 2833 vim
965 2763 1105 2857 priorem
1121 2774 1164 2834 ut''

173 2881 189 2948 3
206 2853 247 2926 ad
264 2881 295 2934 1,
321 2857 382 2927 erit
396 2857 450 2927 νίς
461 2861 560 2933 SM,
586 2859 638 2927 vel
661 2861 724 2927 Sm
748 2858 936 2957 insyzygiis
948 2856 989 2932 ad
1003 2860 1073 2929 vim
1084 2876 1162 2955 gra*

168 2952 287 3031 vitatis,
314 2975 353 3022 ut
379 2980 415 3050 3,
440 2951 632 3048 ad'178}}.
660 2951 725 3024 sive
746 2976 784 3026 ut
808 2976 843 3035 1,
876 2953 917 3027 ad
945 2952 1045 3047 59125.
1095 2951 1159 3024 Est

166 3047 379 3143 ergo-visista
398 3049 615 3148 perturbatrix
637 3051 716 3143 Solis
741 3057 820 3122 SM
840 3054 892 3124 vel
916 3056 976 3120 Sm
1000 3048 1034 3122 in
1054 3048 1160 3148 syzy⁴

166 3144 229 3242 giis
245 3143 334 3238 quasi
358 3170 425 3243 pars
449 3144 636 3243 sexagefima
661 3149 762 3219 totius
785 3151 833 3220 vis
858 3150 1020 3247 gravitatis
1052 3152 1160 3219 Lunae

166 3240 271 3314 versus
296 3263 422 3316 terram.
473 3244 548 3314 Sive
567 3245 694 3342 potius,
718 3242 847 3345 dempta
870 3248 905 3316 vi
929 3251 1007 3325 Sp,
1034 3246 1086 3317 vel
1109 3248 1160 3410 Sp·

165 3340 199 3410 iu
220 3332 284 3408 hoc
305 3339 377 3411 casu
402 3344 419 3413 a
440 3343 474 3412 vi
498 3346 590 3423 SM,
614 3342 674 3413 ·vel
698 3346 777 3420 Sm‚
793 3362 843 3414 ‘ut
872 3341 942 3413 fieri
963 3339 1079 3441 potest,
1105 3365 1122 3412 e

166 3435 215 3505 vis
230 3435 293 3506 inte
318 3463 350 3508 ra
364 3438 576 3534 perturbatrix
593 3440 624 3509 in
646 3441 702 3535 syz
728 3441 802 3536 giis,
829 3433 869 3510 ad
898 3441 965 3511 vim
979 3439 1161 3530 ‘gravitatis

167 3551 206 3602 ut
225 3556 240 3601 1
263 3557 280 3603 a
325 3531 408 3630 89125
418 3576 432 3606 .·
455 3534 520 3606 five
540 3546 605 3630 pars
621 3460 847 3627 ejudemfe‘re
861 3536 1080 3634 nonagesrma„
1107 3540 1156 3607 Et

164 3627 197 3698 in
213 3628 292 3698 locis
307 3631 374 3702 aliis
396 3635 529 3727 crispis
548 3634 636 3713 SM,
662 3633 720 3705 vel·
739 3626 878 3712 amad
891 3636 958 3706 vim
978 3635 1157 3733 gravitatis,

168 3722 291 3822 (posito
304 3724 374 3798 finu
389 3749 462 3801 toto
489 3731 604 3802 unitati
624 3722 770 3823 aquali)
797 3750 835 3801 ut
859 3732 972 3827 triplus
993 3729 1082 3820 finus·
1103 3755 1155 3803 re-
1177 3796 1181 3802 .

163 3820 407 3901 &urdistanriae
422 3827 440 3903 ἰ
455 3825 648 3928 quadratura
660 3827 826 3929 proxima}
841 3823 886 3902 a'd
906 3821 1031 3924 ιγθξξν
1117 3926 1161 4001 L·
