2438 4328
118 107 188 206 204'
277 104 281 111 ·
379 50 820 178 ΡΜιεσπὸΝὲέ

112 240 249 341 generali
265 238 450 335 usurpamus
462 260 578 307 vocem
589 237 752 337 impulsus.-
777 261 840 308 non
854 235 969 333 species
980 242 1105 313 virium

113 347 149 411 δι
167 337 332 431 qualitates
349 329 496 431 physicas
519 331 573 404 hic
589 334 678 414 loci‚·
700 331 752 405 sed
771 337 961 428 quantitates
977 345 1014 408 &
1030 362 1104 435 pro-

190 437 273 509 'ones
288 429 533 508 Mathematicas
548 428 756 528 expendentes
764 458 776 513 3
805 453 842 504 ut
854 433 887 508 in
901 431 1104 514 definitioni.

14 530 20 535 ’
135 559 172 607 us
190 534 277 635 prius
293 529 518 626 explicuimus.
568 535 606 599 In
627 523 759 600 mathesi
778 527 1009 628 investigandae
1033 532 1104 607 sunt

111 632 235 709 virium
246 627 446 723 quantitates,
460 633 494 696 dc
506 628 640 696 rationes
649 620 793 721 illequae
806 651 846 697 ex
859 624 1104 708 conditionibus

128 718 356 818 'ubutmque
368 719 477 821 positis
489 722 735 816 consequuntur:
748 721 876 799 Deinde
890 724 950 799 ubi
964 728 998 799 in
1014 725 1105 829 Phy-

110 753 425 902 sicamdesccnditur,
438 817 1104 922 conserendaesuntlraerationesctunphae-

111 917 266 1001 nomenis,
290 940 328 990 ut
337 915 518 996 innotescat,
536 942 681 1011 quaenam
692 917 815 991 virium
824 918 1029 992 conditiones
1041 920 1103 993 lin-

111 1020 196 1117 gulis
210 1041 381 1117 corporum
397 1016 638 1089 attractivorum
649 1016 817 1112 generibus
829 1038 1033 1114 competante
1056 1024 1103 1094 Et

108 1138 184 1193 cum
195 1113 328 1189 demum
341 1111 382 1187 de
397 1113 516 1186 virium
526 1112 699 1208 speciebus,
725 1111 835 1192 causis,
868 1119 904 1185 dt
922 1116 1103 1195 rationibus

112 1202 254 1312 physicis
268 1213 369 1289 tutius
380 1209 665 1310 disputareliccbit.
716 1209 892 1283 Videamus
908 1212 1013 1308 igitur
1024 1215 1101 1306 qui·

111 1311 171 1384 bus
186 1311 309 1387 viribus
324 1333 455 1405 corpora
476 1303 645 1404 Sphaerica‚
678 1310 781 1399 qualia
804 1305 872 1378 fere
892 1307 962 1379 sunt
981 1309 1101 1400 majora

111 1411 218 1480 omnia
238 1404 423 1506 systematis
448 1402 598 1477 mundani
625 1408 782 1500 Corpora,
808 1406 874 1484 Sol,
901 1407 1004 1486 Fixae,
1031 1409 1101 1481 Pla.

111 1526 205 1583 ueta,
232 1508 464 1594 Cornuaque,
494 1525 535 1572 ex
569 1502 719 1581 articulis,
743 1499 843 1572 modo
859 1500 923 1590 jam
937 1501 1100 1601 exposito,

112 1601 287 1679 attraslivis
312 1596 481 1671 constantia
502 1525 636 1673 debeant
659 1599 691 1668 in
717 1598 746 1669 se
771 1619 887 1675 mutuo
906 1623 1030 1697 agere3
1068 1608 1101 1672 &

111 1699 228 1792 Quales
245 1718 351 1768 motus
372 1693 445 1767 inde
461 1695 700 1788 consequantur.

159 1799 288 1880 XL1v‚
314 1788 924 1889 SiadSphaericaelupcrlicieiPhylicae,
940 1791 1103 1866 ssvccras-
1143 1832 1144 1835 ¹

111 1891 256 1967 situdinis
269 1889 391 1984 ubique
409 1889 547 1981 aequalis,
572 1886 624 1960 sed
637 1887 887 1969 contemnenda,
912 1889 1102 1986 pundafin,

110 1991 186 2091 gula
199 1990 331 2080 aqualia
344 1982 473 2066 tendant
484 1988 566 2058 vires
578 1987 710 2077 aequales
722 1989 903 2082 centripetae
917 1984 1100 2066 decrescen-

110 2087 205 2162 resin
227 2082 387 2180 duplicata
408 2084 525 2153 ratione
551 2079 770 2153 distantiarum
795 2084 813 2153 ὲ
838 2085 984 2178 ριιηᾶἰςς
1012 2090 1098 2155 Cor·

106 2180 277 2278 pusculum
297 2182 377 2251 intra
391 2176 592 2273 superficiem
606 2178 742 2250 ubilibet
756 2179 970 2252 constitutum
981 2179 1029 2253 his
1046 2185 1099 2255 vi-

108 2278 196 2351 ribus
215 2276 331 2347 nullam
356 2277 389 2346 in
414 2295 534 2369 partem
555 2273 748 2347 attrahetur:
782 2275 835 2349 secl
863 2280 917 2349 vel
942 2278 1099 2372 quiescet,

110 2375 163 2453 vel
182 2394 309 2444 motum
328 2373 476 2466 quemvis
504 2375 665 2469 inceptum
692 2371 753 2442 sinc
780 2376 1015 2470 perturbatione
1035 2379 1100 2449 ulla

110 2470 322 2551 continuabit,
342 2469 458 2568 pariter
476 2494 512 2542 ac
527 2467 551 2541 sr
565 2472 657 2543 nullis
673 2472 804 2543 omnino
819 2472 940 2554 viribus
958 2471 1097 2570 isuper-

109 2564 184 2648 ficie
200 2565 256 2646 ista
268 2586 448 2664 urgeretur.
615 2591 617 2595 ’

158 2667 207 2749 Sit
229 2669 331 2737 HJK
332 2669 360 2730 L
387 2661 574 2760 superficies
592 2665 644 2736 illa
662 2660 837 2759 Sphaericaz
868 2672 901 2737 δι
922 2667 1096 2764 Pcorpus-

107 2764 220 2841 culum
239 2759 380 2855 quodvis
404 2761 487 2831 intus
508 2759 730 2841 constitutum,
766 2770 825 2846 Per
851 2771 878 2833 P
901 2787 1034 2860 agantur
1059 2763 1099 2846 ad

106 2857 188 2932 hanc
207 2855 406 2956 superficiem
419 2859 508 2928 lineae
523 2855 596 2928 duae
615 2858 708 2927 reeta
723 2859 888 2950 qualibet,
913 2864 996 2942 HK,
1023 2867 1049 2931 I
1055 2867 1099 2942 L,

109 2981 197 3044 arcus
212 2980 310 3048 quam
326 2955 476 3024 minimos
500 2959 573 3034 HI,
598 2959 633 3024 K
640 2958 669 3022 L
695 2956 939 3053 intercipientes,
990 2959 1095 3040 Etob

106 3054 262 3149 triangula
279 3049 391 3123 similia
414 3054 520 3130 ΗΡΙ,
544 3055 657 3130 LPK,
687 3049 770 3146 [HI
788 3056 873 3124 enim
898 3060 932 3125 δι
956 3059 1023 3122 KL
1049 3080 1099 3136 ar·

109 3175 167 3231 cus
184 3172 282 3244 quam
301 3148 427 3220 minimi
440 3170 499 3244 pro
513 3149 605 3218 redis
619 3148 707 3219 lineis
721 3147 802 3222 sumi
818 3149 936 3232 debent
950 3177 961 3234 3
989 3158 1023 3221 dc
1045 3177 1101 3223 an-

127 3322 389 3395 nuareumu·
435 3242 570 3422 {llll
583 3246 1098 3437 'llssllllllllllfflllt

111 3403 390 3523 ¹4³&V1’6'131'm‘
435 3415 763 3535 gulurncont'inentia,
783 3421 1099 3538 suntutrinqueprov

108 3534 341 3632 p'ortionaliat]
368 3559 457 3607 arcus
482 3536 529 3605 illi
554 3557 647 3607 erunt
672 3534 826 3608 distantiis
849 3544 937 3618 HI’,
971 3545 1005 3609 δι
1032 3545 1099 3608 LP

108 3632 379 3730 proportionales:
405 3628 468 3702 lroc
483 3630 540 3710 est,
565 3635 625 3703 erit
645 3639 677 3725 'P
690 3638 736 3712 H,
753 3632 802 3704 'ad
825 3641 903 3713 PL,
929 3633 994 3720 live
1020 3643 1096 3717 Pl,

111 3728 152 3819 ad
183 3734 265 3835 PK,
290 3747 328 3832 ut
351 3733 432 3810 IH,
457 3727 497 3822 ad
521 3735 555 3800 K
560 3735 601 3801 L.
642 3734 704 3802 ”Et
732 3729 910 3830 superficiei
934 3729 1097 3830 sphaerlcae

1027 3853 1097 3935 ur·
