2438 4328
97 132 104 153 ¹
161 192 207 280 32.
432 160 873 248 luminariorum
1029 284 1032 291 .

161 304 257 382 &vis
268 300 394 398 aqualis
410 305 442 377 in
465 307 597 400 aequales
616 303 787 418 systematis
800 324 900 402 partes
917 298 1091 379 secundum
1105 304 1153 377 li*

162 403 392 502 naasparallelas
406 422 491 568 εἴη,
515 403 591 475 licet
611 404 658 474 vis
681 401 737 474 ista
758 422 885 474 motum
898 425 1013 474 verum
1037 402 1153 494 cujul²

160 527 226 601 que
243 501 337 600 partis
351 523 452 596 reape
472 520 588 582 mutet,
612 501 780 572 relativtun
791 520 894 572 tamen
910 522 972 570 non
982 499 1148 579 mutabit}

160 600 323 696 aqualiter
341 599 426 668 enim
447 602 481 667 δι
507 607 563 694 pe'r
580 598 672 688 lineas
689 593 842 695 parallelas
864 595 987 696 agendo
1009 593 1087 669 situs
1108 603 1149 683 ὃς

161 709 270 773 motus
291 695 430 792 partium
453 694 578 766 relativi
600 696 680 765 inter
706 695 735 766 se
765 692 877 766 iisdem
900 693 1147 787 manebuntqui

163 790 262 894 priu's.
312 787 441 863 Mutari
455 790 555 888 igitur
567 789 670 888 potest
681 813 787 864 motus
798 792 900 863 omnis
908 793 1069 872 relativus,
1086 791 1148 862 ubi

162 904 258 964 verus
284 886 500 970 conservatam
526 909 675 961 motuum
690 887 810 961 scilicet
826 907 997 985 corporum
1005 891 1147 961 aliorum

165 984 362 1068 mutatione3
390 992 424 1057 &
438 983 629 1068 conservari,
654 985 712 1058 ubi
730 1010 825 1058 verus
855 999 1015 1067 mutatur3
1051 984 1146 1057 utin

147 1128 150 1134 ·
164 1081 312 1180 exemplo
325 1082 502 1179 nuperrime
514 1085 606 1156 allato
619 1081 728 1155 videre
744 1074 815 1154 esta
841 1088 875 1153 δι
889 1105 1054 1181 propterea
1070 1092 1147 1154 moe

135 1236 138 1243 -
166 1197 220 1254 tus
239 1204 333 1251 verus
358 1180 390 1250 in
407 1178 565 1270 ejufinodi
579 1179 782 1252 relationibus
795 1176 1095 1268 minimeconfistit.

215 1273 361 1352 Effeetus
371 1278 491 1371 quibus
504 1297 612 1350 motus
626 1275 801 1349 absoluti&
811 1277 934 1349 relativi
946 1274 1151 1376 distinguund

164 1394 221 1450 tur
234 1374 274 1446 ab
289 1374 426 1446 invicem
440 1376 511 1447 sunt
524 1377 605 1463 vires
617 1369 784 1447 recedendi
798 1370 837 1445 ab
857 1398 914 1445 axe
927 1380 1035 1446 motus
1042 1376 1152 1451 circu-

165 1475 249 1547 laris.
289 1472 377 1543 Nam
396 1464 430 1542 in
447 1490 544 1543 motu
565 1471 716 1543 circulari·
728 1469 812 1542 nude
835 1472 970 1543 relativo
992 1467 1043 1542 hat
1066 1472 1158 1554 vines,

166 1561 262 1649 nulla
275 1565 345 1638 sunt
359 1584 368 1639 τ’
397 1561 437 1638 ln
449 1586 527 1639 vero
546 1581 652 1640 autem
666 1574 700 1638 δι
714 1553 857 1640 absoluto
870 1565 1002 1658 majores
1009 1560 1079 1642 sunt
1093 1568 1148 1640 vel

51 1759 54 1766 Ι
167 1667 369 1762 minorespro
380 1664 554 1759 quantitate
575 1661 692 1738 mottis.
741 1668 774 1737 Si
796 1660 929 1762 pendeat
944 1659 1037 1738 litula
1056 1662 1147 1737 afilo

166 1763 341 1864 praelongo,
371 1776 543 1860 agaturqu'e
565 1774 719 1875 perpetuo
738 1765 775 1856 in
797 1760 921 1841 orbem,
945 1755 989 1835 ita
1013 1780 1051 1834 ut
1070 1758 1169 1849 vtsrs'

88 1868 92 1877 '
168 1857 308 1936 lindum
328 1858 448 2026 sengper
472 1857 639 1932 horizonta
683 1857 841 1932 arallelum
870 1880 1004 1941 maneat,
1028 1862 1063 1927 δι
1084 1858 1152 1931 axis

169 1970 277 2031 motus
291 1945 374 2045 fitei
397 1976 449 2026 em
463 1976 501 2053 pe
558 1953 632 2028 ndic
700 1956 737 2035 is,
762 1954 864 2027 donec
886 1952 978 2027 filum
999 1956 1051 2026 vel
1066 1949 1153 2027 funis

170 2069 189 2127 a
202 2048 400 2124 contorsione
415 1981 590 2147 admordeum
597 2049 729 2151 rigescat
736 2077 748 2133 ς
776 2054 864 2124 Dein
880 2052 1153 2150 impleaturaqum

136 2205 139 2212 -
172 2148 282 2225 &una
296 2173 371 2218 cum
388 2171 468 2241 aqua
480 2149 642 2244 quiescat3
670 2151 763 2220 Tum
775 2150 811 2220 vi
823 2150 926 2243 aliqua
947 2147 1106 2241 subitanea
1119 2164 1154 2221 a«

171 2267 268 2347 gatur
288 2266 381 2316 motu
403 2248 561 2319 contrario
580 2247 611 2318 in
634 2245 757 2326 orbem,
783 2248 832 2318 uti
855 2247 942 2344 prius
949 2271 960 2328 3
989 2251 1023 2316 &
1044 2240 1103 2317 filo
1122 2241 1157 2315 [ὀ

172 2345 327 2417 relaxante
340 2340 462 2437 diutius
522 2343 660 2415 rseveret
682 2345 715 2414 in
736 2341 800 2414 hoc
822 2362 916 2415 motu
923 2363 934 2424 ;
963 2338 1158 2439 Superficies'

173 2465 191 2513 a
215 2463 264 2523 ua
276 2437 334 2511 sub
347 2440 440 2510 initio
453 2464 474 2538 p
487 2463 541 2511 ana
555 2442 628 2520 erit,
653 2446 686 2511 &
700 2437 863 2512 horizonti
873 2440 1025 2537 purlicia,
1038 2461 1159 2533 quem-¹

173 2561 191 2610 a
248 2534 349 2606 odum
364 2556 432 2605 ante
445 2557 573 2607 motum
587 2532 685 2607 vasis:
713 2536 761 2607 At
775 2534 943 2635 postquam
950 2537 985 2608 vi
993 2537 1158 2628 inaquam‘

173 2634 325 2733 paulatim
348 2630 489 2730 imprell'a
510 2624 619 2704 effecit
639 2657 691 2706 vas
705 2655 742 2705 ut
755 2633 944 2729 aqualetiam
958 2627 1158 2712 sensibiliter,-

172 2729 213 2804 ad
226 2723 319 2803 instar
327 2726 470 2811 vorticis,
483 2731 610 2803 revolvi
625 2730 765 2826 incipiat,
788 2722 916 2800 recedet
929 2728 990 2826 ipsa
1003 2729 1157 2826 paulatim

173 2823 326 2909 emedio,
350 2821 557 2920 ascendetque
570 2824 610 2898 ad
622 2827 715 2897 latera
735 2822 815 2898 vasis
828 2821 965 2923 figuram
986 2844 1158 2898 concavam

175 2921 316 3004 induens,
341 2945 378 2995 ut
385 2918 575 3021 experientia
582 2919 783 3004 monstrabit3
802 2929 836 2994 &
849 2923 1024 2994 incitatiure
1038 2920 1176 3019 semper‘

125 3048 127 3052 ·
174 3039 268 3091 motu
275 3014 416 3093 ascendet
426 3022 527 3119 magis
541 3024 575 3090 &
590 3023 703 3118 magis,
717 3011 819 3092 donec
826 3019 1042 3092 revolutiones
1052 3018 1178 3112 aqua-²¹

174 3111 257 3189 libus
271 3140 348 3188 cum
361 3112 431 3189 vase
444 3116 640 3215 temporibus·
651 3114 828 3215 peragendo
843 3116 984 3213 quiescat
998 3117 1032 3187 in
1043 3105 1159 3189 eodeni

174 3214 316 3288 relative.
373 3213 498 3287 Indicat
519 3210 574 3287 hic
595 3211 743 3286 ascensus
758 3235 907 3286 conatum
927 3210 1097 3305 recedendi
1119 3210 1160 3282 ab

175 3335 232 3385 axe
245 3330 364 3382 motus.
413 3314 507 3383 Licet
521 3306 606 3383 enim
619 3307 748 3382 receffio
761 3310 800 3381 ab
814 3337 871 3406 axe
884 3331 991 3382 motus
1006 3304 1046 3381 sit
1060 3306 1161 3406 perse

104 3497 106 3502 ,
176 3406 516 3506 axi'perpendicularis,
542 3432 618 3481 cum
639 3428 742 3479 tamen
765 3431 819 3479 vas
841 3400 962 3480 ibidem
984 3407 1053 3479 vim
1067 3399 1162 3476 cohi··

176 3506 261 3583 beat,
286 3507 489 3601 imprimetur
511 3507 543 3576 in
565 3505 730 3601 particulas
749 3507 919 3602 proximas,
945 3510 978 3573 &
994 3504 1052 3577 ubi
1064 3499 1161 3592 datur

177 3603 267 3677 loeus
283 3600 396 3674 evadet
412 3599 577 3696 sensibilis:
606 3604 652 3671 Et
674 3603 825 3694 quoniam
846 3621 955 3672 motus
966 3624 1040 3671 vere
1055 3601 1166 3672 circu··

178 3693 1161 3798 lirismajorcritinparticulisaquaeacentroremotiffimis‚ut·
1188 3779 1190 3782 Α

133 3802 136 3808 ’
180 3795 452 3897 peteiisprimo&
462 3787 1048 3895 potiffimumaval‘ecommunicatus3
1066 3808 1165 3894 prop·

1116 3909 1166 3965 ter
