2438 4328
108 168 175 222 ιω
391 100 823 212 iaaetterron‘as

111 269 470 368 minumum
498 254 860 343 tractatuum
874 248 1103 368 hemisphaerii

112 357 267 443 australis'
293 360 335 440 rae
356 369 475 440 boreali
498 391 616 441 tantam
641 390 759 461 quanta
781 367 948 440 movendae
967 393 1028 466 per
1050 391 1105 439 tot

111 392 389 567 minuasiunda
400 467 521 538 telluris
540 464 691 564 positioni
712 461 858 545 sufficiat,
876 489 918 536 ex
937 464 987 537 his
1000 465 1104 536 causrs

109 563 259 651 arcessere
273 565 364 642 velit,
390 560 477 634 idem
495 567 627 635 omnino
643 564 710 660 agit
722 587 757 633 ac
777 559 994 634 fiCaucasum
1007 564 1105 634 veste

112 663 132 734 ὲ
149 663 224 734 loco
236 656 477 753 hodhnovere
498 683 643 732 torrenti.
691 660 847 730 Demiror
865 659 933 731 sane
946 662 1025 733 viri
1038 658 1104 731 do-

109 758 240 832 &issimi
258 754 419 828 inhaere
437 761 653 847 dromas«,
671 754 764 849 quod
778 757 942 830 causarum
964 759 1106 828 tantilla·

110 880 186 927 rum
204 856 289 927 vires
307 853 568 946 &quantitatem
586 877 649 923 non
689 855 753 925 rius
772 853 1000 948 aliquomodo
1015 853 1103 927 aesti·

109 976 197 1024 mue
221 951 373 1030 voluerit,
399 974 496 1045 quam
512 953 642 1021 tantise
670 950 793 1021 eetibus
821 974 908 1048 pares
934 949 1102 1039 statueret,

109 1046 228 1121 Laudo
246 1070 352 1120 tamen
368 1050 446 1119 Viri
461 1049 517 1118 Cl.
533 1043 731 1144 prudentiam
750 1045 842 1139 quod
859 1045 1033 1130 addiderit,
1048 1053 1106 1119 vel

105 1168 220 1243 aropter
236 1148 332 1215 adm
348 1145 470 1312 causam
484 1144 638 1241 quandam
655 1142 734 1212 nobis
753 1155 905 1242 ignotam:
938 1146 1041 1216 Probe
1063 1171 1102 1217 ε,

109 1244 176 1315 nun
195 1242 311 1314 sciebat
328 1268 386 1314 cau
400 1267 426 1312 ae
446 1244 565 1338 ignota
583 1242 708 1312 nullum
723 1243 795 1312 iniri
813 1238 899 1338 posse
915 1242 1097 1313 calculum:

110 1338 303 1434 atqueadeo
322 1338 352 1410 se
373 1337 433 1410 sibi
455 1341 486 1409 in
507 1337 571 1409 hoe
589 1339 721 1434 negotio
740 1339 816 1408 loco
834 1335 923 1408 haud
946 1341 1027 1410 male
1044 1365 1098 1410 ca·

111 1434 202 1510 vilse.
236 1442 370 1518 Interea,
389 1434 495 1508 dicam
508 1455 624 1533 aperte,
636 1433 767 1506 diversae
782 1433 890 1525 hujus,
903 1460 1003 1529 quam
1014 1436 1100 1508 som-
1131 1425 1142 1442 ’

111 1538 188 1616 niat,
203 1532 507 1631 lamisphaeriorum
522 1530 1100 1617 terrestriumdensrtatisca'usamnul

110 1636 174 1706 lam
188 1630 333 1731 assignari
347 1627 445 1728 posse,
461 1654 606 1724 quaenon
616 1627 808 1700 mechanicae
819 1631 1017 1727 planetarum
1031 1631 1100 1701 sor·

111 1733 257 1812 marioni,
283 1737 316 1801 δι
335 1726 549 1826 phoenomenis
563 1747 681 1798 naturae
698 1724 861 1798 hodiernis
876 1723 970 1798 simul
985 1727 1100 1805 adver·¹

111 1829 208 1902 setur.
257 1824 449 1923 Respondeo
972 1874 975 1882 ·

155 1933 225 2014 (2.)
235 1929 269 1996 Si
277 1919 902 2021 alterumtellurislremisphariumaltero
910 1919 1099 2018 haudpaulo

113 2024 206 2093 altius
223 2042 279 2091 aut
291 2018 417 2091 densius
436 2017 523 2097 esset,
548 2044 609 2088 non
622 2019 736 2089 exinde
752 2040 854 2089 tamen
872 2020 1099 2108 titubationem

111 2115 194 2188 hanc
216 2141 317 2207 quam
338 2137 535 2188 commentus
554 2113 601 2185 est
624 2119 679 2186 cl.
702 2118 882 2211 Gregorius
904 2114 1096 2188 secuturam.

112 2217 192 2285 Hoc
213 2214 298 2282 enim
314 2214 345 2281 in
365 2212 436 2283 casu
447 2211 641 2283 oscillaretur
653 2212 787 2305 quidem
804 2214 885 2283 Axis
899 2214 1020 2301 Globi3
1044 2212 1100 2284 sed

113 2313 169 2390 ita,
184 2330 222 2381 ut
232 2309 364 2405 angulus
378 2310 585 2379 inclinationis
603 2310 695 2381 bisin
710 2336 790 2382 anno
803 2307 842 2379 ad
854 2312 1038 2391 maximam,
1065 2318 1100 2380 &

111 2410 276 2479 minimam
287 2408 496 2499 quantitatem
514 2429 725 2478 reverteretur
740 2434 751 2488 ;
778 2427 874 2498 atque
888 2409 930 2478 ita
945 2429 984 2478 ut
999 2433 1100 2502 angu-

111 2505 161 2578 lus
176 2502 234 2578 iste
256 2501 397 2588 ejuffiem
417 2501 493 2576 esset
514 2507 700 2597 quantitatis
724 2507 755 2575 in
780 2525 919 2594 unoque
937 2501 1097 2588 solstiti03

110 2600 203 2700 quod
223 2597 321 2699 ipsius
341 2598 558 2698 hypotheseos
574 2604 780 2699 Gregorianae
792 2598 996 2672 fundamenta
1008 2602 1100 2699 plane

111 2700 280 2776 subvertit.
330 2697 522 2797 Respondeo
1102 2697 1104 2700 ’

163 2810 232 2897 (3.)
261 2803 315 2870 Ex
337 2797 484 2889 inaequali
507 2794 567 2867 hac
586 2793 883 2890 hemisphaeriorum
903 2793 1105 2889 terrestrium

112 2895 292 2975 altitudine,
319 2914 375 2965 aut
398 2890 562 2973 densitate,
590 2890 613 2963 si
637 2890 737 2963 modo
762 2895 929 2985 aquatoris
951 2893 1101 2966 altitudi-

111 3018 186 3065 nem
209 3013 262 3063 aut
278 2989 464 3062 densitatem
484 2992 604 3068 vincat,
629 2989 718 3083 sequi
744 2991 1011 3082 aquinoe'eiorum
1030 3016 1103 3088 pro·

105 3089 254 3190 greffum:
285 3113 362 3160 cum
380 3089 481 3184 palam
502 3084 553 3167 sr't,
579 3094 613 3156 &
639 3088 655 3157 al
674 3089 839 3182 Gregorio
866 3089 1029 3183 agnitum,
1065 3113 1102 3159 ea

111 3189 244 3259 omnino
260 3182 358 3257 motu·
372 3186 525 3256 continuo
540 3183 663 3282 regredi.
714 3184 767 3253 Sin
781 3185 1026 3276 inaqualiratem
1037 3181 1103 3254 hu-'

112 3281 253 3376 jusmodi
272 3277 476 3354 solummodo
488 3279 602 3353 statuat
621 3303 694 3372 quae
705 3279 857 3370 majorem
872 3278 977 3352 adhuc
992 3305 1103 3374 aequa-
1142 3279 1144 3283 ’

113 3385 193 3455 toris
212 3378 412 3452 altitudinem
426 3399 481 3450 aut
504 3374 691 3450 densitatem
709 3375 827 3473 sartam·
839 3379 955 3448 tetiam
976 3378 1104 3448 conser-

113 3482 184 3556 vari
199 3500 306 3575 ponat,
332 3478 376 3546 ita
391 3497 428 3547 ut
451 3497 608 3571 quantum
622 3474 765 3570 superent
781 3496 880 3570 partes
894 3476 999 3568 altera
1011 3479 1104 3570 pola-

112 3599 161 3647 res
176 3595 231 3646 aut
247 3570 415 3646 altitudine
430 3595 485 3645 aut
495 3571 661 3650 densitate,
685 3591 809 3642 tantum
819 3569 970 3643 deficiant
981 3572 1102 3652 altera,

112 3671 192 3745 dico
203 3670 296 3762 quod
307 3695 410 3764 neque
421 3694 463 3742 ex
476 3668 536 3741 hac
548 3664 722 3768 hypothesi
735 3665 834 3739 eausa
853 3667 916 3739 suat
934 3667 1103 3756 adjumen-

113 3791 186 3856 tum
198 3767 332 3865 aliquod
345 3788 449 3866 petete
463 3765 570 3866 poffit.
620 3767 751 3863 Etenim
769 3780 898 3862 propter
919 3768 1042 3839 virium
1069 3768 1102 3838 in

213 3924 217 3929 .
470 3885 475 3896 ¹
520 3865 523 3868 ⁷
1059 3864 1103 3935 al·
