2438 4328
304 39 340 117 f
1125 97 1127 101 ,

266 185 956 258 PHYSICO-MATHEMATIM.
1032 208 1104 285 ης,

118 306 166 388 est
176 339 238 386 non
250 319 365 414 exigua
378 314 487 388 eadem
496 313 698 412 pbaenomena
711 313 868 412 gradatim
875 315 1102 411 patefacienda,

121 419 156 484 &
168 437 223 484 nos
240 413 280 485 ad
294 415 396 486 causas
413 410 438 485 st
452 439 516 486 non
529 415 666 492 ultimas,
691 414 850 509 proximas
864 433 979 492 tamen,
992 421 1102 489 &tam

119 511 242 582 calculo
254 514 466 584 Geometrico
484 535 581 604 quam
597 508 706 582 usibus
722 508 867 582 humanis
878 509 1105 607 accommodaf

121 627 164 678 tas
178 611 316 680 maxime
330 606 439 681 sensim
454 606 639 679 accessuros.
953 610 955 614 ⁴

164 704 335 778 Scholium.'
376 703 583 801 Intelligenda
603 729 679 783 veto
696 703 766 776 sunt
785 696 888 801 priora
909 706 992 776 circa
1007 707 1105 787 vires,

118 802 196 871 aeris
217 810 251 874 &
264 800 450 894 hujusmodi
461 801 637 875 fluidorum
655 801 847 898 centrisugas
863 801 904 875 de
916 800 1104 894 hujusmodl

120 897 222 972 solum
240 901 362 974 viribus
383 923 458 994 quae
478 902 687 970 terminantur
703 901 736 970 in
753 901 916 997 particulis
936 901 1105 997 proximis,

120 1018 258 1070 autnon
285 1001 377 1096 longe
400 998 481 1069 ultra
510 993 757 1068 diffunduntur:
793 999 937 1089 qualium
961 999 1106 1092 exempla

121 1090 273 1166 habemus
291 1097 322 1166 in
337 1095 523 1191 corporibus
542 1093 739 1191 magneticis.
786 1096 920 1166 Horum
944 1095 1050 1165 virtus
1058 1115 1107 1167 at·

122 1192 255 1261 trauiva
279 1193 467 1264 terminatur
477 1190 545 1262 sete
569 1194 601 1262 in
616 1190 665 1263 sui
680 1189 799 1287 generis
819 1191 1017 1288 corporibus,
1043 1185 1105 1266 sibi
1169 1253 1172 1255 Α

123 1289 290 1381 proximis.
341 1289 502 1386 Magnetis
528 1290 628 1361 virtus
649 1311 706 1385 per
728 1287 941 1384 interpositam
955 1289 1104 1363 laminam

124 1382 202 1454 ferri
220 1381 429 1465 contrahitur,
455 1386 532 1456 &in
552 1389 664 1458 lamina
684 1383 751 1455 fere
771 1388 967 1459 terminatur.
1017 1391 1108 1458 Nam

99 1501 259 1576 „corpora
278 1483 429 1555 ulteriora
454 1505 515 1552 non
535 1501 600 1554 tam
620 1484 639 1553 i
659 1504 817 1578 magnete,
840 1508 937 1577 quam
958 1486 975 1557 l
993 1483 1107 1555 lamina

124 1574 305 1651 trahuntur.
356 1577 413 1650 Ad
444 1575 581 1650 eundern
607 1576 743 1650 modum
761 1576 785 1649 st
805 1584 968 1675 particulae
990 1578 1108 1677 sugent

126 1677 197 1746 alias
213 1675 260 1747 sui
277 1678 399 1774 generis
418 1675 585 1773 particulas
608 1674 668 1747 fibi
689 1677 859 1772 proximas,
884 1680 916 1749 in
936 1678 1107 1775 particulas
1165 1679 1169 1690 '

127 1793 234 1844 sutem
253 1775 441 1846 remotiores
464 1774 623 1845 virtutem
642 1774 761 1845 nullam
786 1795 964 1853 exerceant,
989 1795 1031 1842 ex
1043 1769 1110 1844 hu·

122 1868 263 1960 julnodi
279 1872 440 1970 particulis
453 1868 804 1967 componenturlluida,
815 1869 856 1942 de
868 1870 986 1966 quibus
997 1868 1107 1944 aetum

123 1965 222 2039 estin
241 1967 300 2041 hac
320 1966 548 2064 Proposrtione.

174 2069 275 2137 Coroll.
294 2072 363 2160 (2.)
391 2068 461 2137 Pari
481 2065 548 2138 sere
575 2066 695 2139 ratione
714 2087 832 2163 praeter
857 2055 926 2138 vim
944 2060 1109 2164 gravitatis

127 2161 332 2236 universalem
355 2165 423 2236 aliae
436 2161 496 2234 else
509 2161 662 2236 videntur
675 2166 756 2236 vires
775 2164 951 2236 attraffivae
967 2165 1109 2259 peculia·
1192 2170 1194 2178 ⁴

127 2281 175 2328 res
195 2262 356 2352 particulis
375 2260 575 2352 quorundam
596 2286 769 2359 corporum
791 2283 847 2333 aut
870 2262 1040 2358 peculiares
1056 2257 1109 2331 di·

130 2351 249 2426 stantiis
264 2358 444 2453 perexiguis
462 2354 567 2429 aliisve
590 2357 832 2439 circumstantiis
853 2382 1028 2455 corporum
1040 2380 1111 2453 par-

128 2452 324 2534 ticularium,
349 2452 433 2525 unde
445 2451 649 2550 phaenomena
662 2453 879 2527 aliasmiranda
892 2452 1042 2546 consequi
1051 2449 1111 2522 de·

130 2549 216 2620 bent.
255 2553 319 2626 ,Sic
339 2550 406 2623 sane
424 2576 465 2622 ex
486 2549 671 2640 hujusmodi
687 2553 869 2623 attradtione
887 2553 967 2622 oriri
979 2547 1112 2621 videtur

128 2644 293 2720 radiorum
310 2651 391 2720 lucis
413 2650 445 2718 in
463 2648 646 2745 corporibus
660 2647 825 2744 pellucidis
841 2670 896 2718 aut
916 2652 1000 2719 circa
1011 2670 1112 2741 angu-

131 2743 178 2814 los
196 2769 371 2842 opacorum
390 2745 541 2839 resradlio
561 2748 613 2817 vel
633 2741 782 2828 inflexi03
811 2765 923 2841 utpote
941 2767 1015 2839 quae
1041 2762 1112 2813 ante

132 2845 315 2914 conradum
340 2841 496 2925 accidant,
521 2851 555 2914 δι
578 2847 610 2915 in
634 2841 778 2914 distantia
800 2843 919 2913 minori
930 2839 1046 2935 fortius
1064 2859 1112 2908 at·

129 2937 279 3022 trahunt3
308 2944 358 3013 uti
377 2943 506 3014 Austor
524 2938 626 3012 noster
646 2943 678 3011 in
702 2965 719 3011 e
759 2941 834 3038 egio
852 2938 909 3010 suo
927 2936 969 3009 de
986 2937 1111 3034 Optiee

130 3039 265 3109 traslatu
284 3039 473 3110 observavit.
531 3043 604 3111 Nec
627 3040 709 3109 aliun
735 3062 765 3116 e,
789 3038 838 3109 uti
850 3030 937 3108 idem
955 3038 987 3107 in
1002 3033 1114 3105 Latina

133 3133 273 3221 ejusdem
301 3138 403 3232 operis
430 3131 569 3206 editione
593 3155 693 3215 notat,
718 3135 795 3206 oriri
819 3133 950 3206 videtur
966 3131 1115 3230 sphaerica

135 3233 185 3301 illa
198 3234 399 3328 guttularum
420 3240 454 3303 &
476 3234 597 3329 argenti
613 3233 683 3303 vivi
704 3239 737 3325 &
758 3226 972 3304 consimilium
993 3227 1114 3313 fluido,

134 3355 206 3399 rum
228 3329 342 3426 figura.
392 3332 558 3401 Particulae
578 3331 663 3401 enim
694 3328 750 3401 ubi
770 3327 811 3400 ad
828 3329 979 3426 exiguam
998 3322 1115 3398 distan-

134 3426 212 3495 tiam
228 3428 433 3507 collocantur,
448 3416 476 3497 le
489 3424 616 3498 fortiter
629 3421 791 3498 attrahunt
799 3453 809 3508 3
826 3449 921 3519 atque
933 3452 1001 3518 quo
1015 3419 1117 3494 modo

135 3545 177 3590 ex
199 3525 311 3614 aequali
330 3528 466 3621 partium
483 3526 514 3595 in
532 3526 661 3620 planetis
678 3526 783 3597 versus
805 3523 991 3595 seinvicem
1008 3521 1118 3618 gravi·
1210 3524 1213 3532 ’

137 3638 221 3697 tate,
253 3614 402 3715 sphaerica
432 3626 624 3718 planetarum
650 3620 755 3718 figura
788 3620 955 3693 necessario
982 3621 1085 3690 oritur
1101 3644 1118 3696 ς,

136 3713 251 3784 eodem
271 3720 421 3790 etiam'ex
438 3721 551 3812 aequali
574 3720 798 3816 particularum
821 3743 913 3828 aquae
927 3722 981 3790 vel.
994 3716 1116 3810 argenti
1174 3769 1176 3773 .

137 3814 207 3884 vivi
221 3811 280 3886 sibi
289 3837 405 3888 mutuo
417 3815 591 3890 admodum
600 3819 887 3915 approximantium
900 3819 934 3888 vi
943 3810 1116 3906 centripetu

992 3930 1134 3996 austum
