2438 4328
138 155 284 229 ¹128.
404 159 846 227 PMLECTIONES

135 289 268 359 orietur.
317 289 463 381 Corpore
480 309 591 382 nempe
604 288 684 358 inter
693 284 947 358 descendendum
962 270 1133 385 v'ires'qui·

136 385 198 456 bus
206 381 312 480 postea
327 381 469 455 ascendat
482 385 632 479 paulatim
647 387 847 476 acquirente;
873 392 906 454 &
927 388 1010 456 inter
1022 387 1130 460 ascen·

136 479 280 554 dendum
289 481 492 573 vitesquibus
498 484 583 576 prius
596 480 771 552 ascenderat
783 484 933 577 paulatim
946 485 1130 566 amittente,

135 577 240 650 donec
254 576 412 674 superante
430 581 464 649 vi
482 579 652 672 centripeta
670 576 709 648 ad
722 571 979 650 descendendum
998 579 1129 654 tandem

137 699 156 746 c
202 697 283 747 atur.
312 680 424 768 Atque
437 677 479 745 ita
495 695 657 773 perpetuo.
686 675 786 747 Unde
799 696 882 771 patet
897 702 966 770 quo
977 681 1077 775 pacto
1088 705 1129 751 ex

135 702 253 843 eisdem
265 794 358 843 motu
371 797 427 869 per
442 772 606 865 obliquam
623 773 733 843 lincam
750 771 894 869 impresso
910 777 1035 845 oriatur
1054 801 1128 847 mo-

136 889 188 941 tus
200 870 357 965 ellipticus
365 897 376 951 3
394 867 474 941 dum
487 867 573 940 idem
582 892 688 940 motus
700 895 755 966 per
768 872 880 941 lineam
887 870 1127 968 perpendicula·

135 990 206 1037 rem
227 963 389 1062 impressus
409 969 581 1039 circuitum
600 971 732 1038 omnino
751 970 934 1039 circularem
955 967 1125 1066 genuisset.

187 1066 291 1135 Coroll.
310 1066 377 1153 (6.)
404 1070 442 1136 In
462 1062 574 1136 mediis
586 1089 648 1135 non
660 1063 872 1136 refistentibus
885 1072 918 1135 dc
933 1067 964 1135 in
979 1067 1055 1139 loco
1070 1093 1126 1138 va*

136 1185 204 1231 cuo
221 1157 245 1230 si
265 1185 342 1231 areae
361 1160 525 1259 descriptae
549 1187 612 1232 non
626 1161 685 1233 fint
702 1160 901 1234 describendi
924 1164 1126 1259 temporibus

136 1259 381 1354 proportionales
401 1261 485 1331 vires
506 1284 567 1330 non
591 1258 724 1330 tendunt
748 1257 788 1329 ad
811 1258 1000 1331 concursum
1015 1259 1124 1332 radio*

135 1380 222 1427 rum.
271 1362 359 1429 Nam
380 1354 403 1426 fi
421 1382 461 1427 eo
481 1355 644 1427 tenderent
658 1381 734 1427 areae
750 1354 816 1427 istae
835 1352 1003 1429 necessario
1025 1354 1124 1430 essent

136 1454 332 1549 temporibus
345 1455 602 1550 proportionales,
618 1476 729 1524 contra
744 1451 949 1550 hypothefin.

187 1552 290 1621 Cerosl.
307 1558 375 1647 (7.)
404 1556 442 1621 ln
456 1549 570 1623 mediis
583 1552 730 1621 omnibus
747 1549 770 1620 si
791 1577 932 1622 arearum
949 1549 1126 1650 descriptio

136 1649 342 1729 acceleretur,
366 1650 447 1720 vires
460 1673 522 1718 non
538 1647 672 1719 tendunt
690 1645 729 1719 ad
744 1650 933 1720 concursum
944 1648 1125 1732 radiorum,

137 1743 190 1817 sed
212 1771 289 1817 cum
311 1767 405 1818 motu
424 1745 582 1843 projedlili
604 1745 777 1841 conspirant
792 1750 912 1843 magis:
940 1742 1123 1821 fiarearum

135 1841 307 1942 descriptio
321 1841 513 1938 retardetur,
549 1845 755 1915 lusnimirum
767 1869 864 1936 quam
880 1869 919 1914 ex
932 1842 1031 1915 medii
1046 1844 1125 1916 reb-1

137 1937 260 2020 stantia,
273 1945 354 2013 vires
376 1934 444 2011 non'
462 1869 596 2013 tendunt
616 1937 655 2011 ad
674 1942 862 2013 concursum
881 1938 1054 2022 radiorum,
1070 1940 1124 2013 sed

135 2039 241 2106 motui
256 2038 413 2130 projeclili
433 2060 638 2134 opponuntur
654 2041 765 2134 magis.

182 2134 283 2202 XVI.
308 2138 438 2228 Corpus
449 2158 542 2203 omne
555 2133 646 2226 quod
657 2159 807 2208 movetur
821 2140 851 2208 in
865 2138 944 2205 linea
960 2159 1073 2215 curva,
1087 2139 1122 2203 dc

136 2224 227 2298 radio
246 2225 286 2298 ad
309 2231 466 2325 pundum
489 2232 542 2300 vel
562 2231 738 2309 immobile,
764 2237 817 2303 vel
838 2255 931 2303 motu
955 2232 1124 2302 redilineo‘

137 2323 341 2402 uniformiter
356 2325 569 2424 progrediens,
582 2327 683 2400 ducto
694 2326 844 2400 describit
857 2353 938 2399 areas
946 2328 1029 2397 eirca
1039 2352 1124 2425 pun·

137 2424 226 2492 cium
240 2421 321 2494 illud
336 2424 533 2521 temporibus
549 2426 807 2521 proportionales,
828 2423 986 2524 urgeturl
998 2426 1033 2495 vi
1047 2448 1126 2496 cen-

113 2523 249 2617 ⁴tripete
263 2519 410 2594 tendente
428 2519 468 2594 ad
481 2520 567 2593 idem
581 2525 749 2619 punsium.
1119 2614 1123 2620 .

184 2622 246 2689 Ca
256 2645 282 2690 s.
301 2626 315 2704 (
324 2627 371 2705 ι.)
400 2619 462 2692 Ob
473 2622 685 2713 equalitatem
696 2622 781 2691 enim
795 2620 1028 2716 triangulorum
1042 2624 1125 2690 SeB

444 2723 510 2788 SC
523 2725 548 2789 Β
573 2715 682 2789 eadem
705 2714 769 2788 bast
794 2724 858 2786 SB
889 2715 1124 2811 descriptorum

172 2829 290 2905 enar-ng.
296 2843 397 2908 p.125.
444 2816 561 2908 puncla
581 2821 612 2884 C
633 2822 822 2885 &cerunt
855 2818 877 2859 ’Β
905 2815 937 2883 in
962 2813 1043 2883 linea
1070 2819 1125 2882 Cc

113 2913 153 2958 s*
172 2926 194 2978 Ι.
203 2943 248 3000 39.
265 2921 344 2978 issem.
444 2907 509 2980 basi
522 2912 661 3004 parallela
667 2938 678 2992 3
697 2928 791 3004 atque
806 2908 885 2982 adeo
899 2909 1003 3006 figura
1018 2914 1126 3007 BcCg

337 3016 346 3027 ”
444 3008 505 3076 erit
532 3009 869 3105 parallelogrammum,
895 3006 987 3095 cujus
1009 3013 1064 3076 Bc
1089 3012 1124 3075 &

134 3114 161 3178 Β
162 3136 187 3207 g
211 3108 281 3178 sunt
292 3109 386 3178 latera
404 3104 485 3173 vires
497 3107 694 3199 exponentia,
716 3112 749 3174 δε
773 3112 832 3176 BC
849 3103 1040 3202 diagonalis3
1066 3128 1124 3173 ura

132 3227 229 3303 gesur
247 3207 354 3297 itaque
375 3206 501 3295 Corpus
520 3198 559 3270 ad
582 3207 606 3271 Β
626 3199 766 3298 positum
786 3204 820 3272 vi
843 3209 867 3272 Β
868 3231 893 3301 g
918 3197 1066 3273 tendente
1081 3196 1128 3270 ad

133 3311 160 3369 S
183 3323 328 3372 centrum
353 3299 471 3370 virium
478 3323 490 3376 ;
517 3318 611 3390 atque
636 3301 680 3370 ita
703 3301 818 3395 pariter
840 3301 876 3368 in
898 3297 1025 3395 punctis
1047 3319 1125 3366 orn-⁴

133 3397 227 3468 nibus
253 3404 289 3469 C.
299 3403 345 3468 D.
359 3401 443 3465 ΕΙ.
491 3398 643 3498 ‚043st

181 3497 245 3564 Cn
257 3520 286 3568 s.
299 3504 368 3581 (z.)
400 3496 445 3562 Et
463 3489 590 3586 perinde
605 3490 651 3563 est
665 3488 730 3562 live
742 3489 882 3584 quiescat
895 3487 1074 3588 superficies
1089 3492 1121 3562 in

130 3614 195 3684 qua
203 3615 317 3690 corpus
330 3588 477 3662 describit
490 3587 628 3686 figuram
637 3591 862 3670 curvilineam3
880 3585 943 3659 five
951 3607 1124 3659 moveatur

75 3682 78 3687 ’
131 3685 242 3761 eadem
256 3707 315 3770 una
330 3711 406 3760 cum
418 3710 568 3782 corpore,
594 3685 697 3783 figura
709 3685 917 3780 descripta&
929 3685 1050 3782 pundio
1062 3682 1126 3755 suo·

33 3861 36 3868 ,
133 3788 262 3859 centrali
270 3793 299 3855 ,S
309 3783 510 3858 uniformiter
518 3782 731 3855 indireceum.
746 3780 847 3857 Unde
854 3777 1127 3879 priorncafusdezr

132 3881 319 3957 monstratio
332 3885 362 3955 in
377 3879 440 3953 lroc
452 3882 547 3977 ctiam
560 3880 691 3982 valebit.
1031 3873 1125 3973 Selin-⁴
