2438 4328
247 107 931 201 PHYSJCo-MATHEMATQM.
1057 132 1099 202 55

107 262 176 316 tem
192 238 282 314 dabit
296 266 352 339 per
368 237 591 338 interpositum
603 263 716 335 corpus
736 235 850 310 mediae
869 237 1099 336 magnitudinis

110 338 250 438 perfecie
271 338 434 410 clasticum
459 337 572 409 itidem
586 338 759 429 quiescens,
785 360 883 429 quam
901 333 925 405 s1
942 339 1030 408 nullo
1050 341 1100 410 in·

111 436 268 509 termedio
284 434 343 533 ipsr
356 437 550 533 impingatur
565 446 579 504 τ’
602 437 783 505 Maximam
805 459 884 505 vero
908 435 1100 508 celeritatem

114 558 186 608 tum
194 533 350 615 conseret,
358 559 465 627 quum
482 555 596 628 corpus
608 529 833 629 interpositum
844 531 943 605 fuerit
955 530 1101 605 medium

111 633 342 731 proportionale
355 634 435 705 iuter
448 648 600 710 extrema·
849 695 852 701 .
921 668 924 674 ⁴

161 735 229 824 (ς.)
245 735 337 817 ¹Qro
356 731 446 825 plura
464 750 597 823 corpora
653 722 752 796 rfede
766 723 889 799 elastiea
900 726 1101 822 interponen-

110 849 165 899 tur
183 822 347 907 interduo
360 825 529 917 inaequalia·
541 847 596 920 per
611 824 680 893 esee
694 820 828 905 elastica,
860 848 1004 916 quorum
1023 826 1101 899 alte·

110 950 184 995 rum
195 922 348 1017 quiescat,
361 926 493 995 alterum
500 939 677 998 moveatur,
702 945 741 990 eo
753 921 855 1011 major
871 939 979 992 motus
992 919 1100 1014 quies·

111 1023 197 1092 centi
216 1019 554 1115 conciliari'poteritje
570 1018 752 1094 Maximus
774 1040 882 1091 autem
907 1041 963 1115 per
988 1042 1100 1090 unam-

112 1142 276 1210 quamque
295 1114 557 1214 interpositorum
576 1112 820 1188 multitudinem
835 1118 884 1187 ita
905 1113 1102 1196 conseretur,

110 1212 335 1309 siinterposrta
349 1240 424 1293 eum
446 1212 599 1302 extremis
616 1211 800 1299 continuam
819 1216 1013 1311 geometrice
1025 1238 1100 1311 pro·

110 1311 469 1409 portionaliumseriem¹
480 1306 684 1394 rorissimam.
831 1384 834 1391 ,
854 1396 857 1401 ,
1083 1329 1100 1365 ·³

163 1405 355 1479 Notandum
378 1423 484 1479 autem
503 1431 562 1491 ese)
605 1404 726 1491 {hemis
743 1404 872 1480 duobus
888 1432 945 1505 per
964 1408 1103 1483 Autor'u

115 1505 279 1583 calculum¹
291 1501 443 1601 constare,
469 1509 513 1594 Q
547 1502 765 1603 3,-s1‚corpora
783 1527 911 1586 centum
928 1532 969 1578 ex
985 1502 1100 1583 ordine

112 1601 229 1673 dentur
242 1602 274 1685 iu
285 1597 617 1698 proportionedupla,
643 1603 837 1696 incipiatque
849 1626 957 1677 motus
968 1630 984 1674 a
996 1605 1101 1676 maxi·
1179 1628 1182 1633 ·

113 1724 180 1777 mo,
205 1697 410 1769 erit-celeritas
423 1695 610 1779 moissiaci
630 1700 822 1771 celeritatem
832 1722 897 1791 qua
909 1700 1103 1777 movebatur

112 1797 458 1893 maxirnusptproaeime
479 1818 514 1864 ea
528 1810 605 1886 quae
623 1807 913 1889 14.760.0oo.0oo
926 1795 965 1867 ad
987 1821 1017 1865 1.
1068 1796 1104 1867 si

747 1904 756 1934 i
1097 1922 1101 1933 ι

111 1972 190 2019 vcro
210 1975 226 2018 a
245 1947 380 2018 minimo
397 1968 506 2018 motus
524 1946 667 2045 incipiat,
689 1934 863 2047 augebitur«
873 1948 904 2017 in
919 1936 1102 2018 uliversum

111 2054 364 2141 motusquantitas
386 2044 561 2119 secuudum
578 2047 733 2117 r'ationem
747 2034 890 2140 proiiime
910 2068 984 2138 quae
1002 2069 1033 2114 1.
1059 2041 1100 2115 ad

112 2151 480 2237 4.677.ooo.000.ooo,
532 2139 633 2214 Unde
653 2141 719 2213 sane
735 2140 852 2213 incasit
870 2145 975 2240 priore
986 2143 1104 2214 mirari*

141 2251 148 2278 r
298 2253 305 2281 r
471 2268 473 2273 ,
570 2265 573 2271 ·

112 2289 193 2361 dum
216 2296 387 2372 velocitatis,
412 2296 444 2365 in
469 2284 647 2390 posteriore
667 2295 766 2390 magis
795 2292 976 2366 mirandum
1004 2293 1109 2392 ipsius

113 2397 289 2484 quantitatis
299 2411 392 2459 motus
411 2412 619 2486 augmentum
631 2391 849 2483 consequitur.
993 2394 997 2401 ’

152 2490 373 2575 Qsaeautem
400 2482 454 2578 (ut
481 2484 544 2558 hoc
569 2486 697 2580 tandem
726 2510 871 2558 moneam
894 2489 1016 2577 obiter)
1041 2489 1106 2560 Cl..

113 2584 285 2679 Hugenius
308 2580 349 2652 de
370 2582 517 2654 omnibus
528 2585 728 2681 corporibus,
754 2605 808 2656 aut
819 2585 927 2679 saltem
942 2584 984 2656 de
997 2587 1103 2656 omui·

112 2679 171 2750 bus
184 2679 325 2776 persedie
340 2677 430 2750 duris
444 2677 582 2761 asseruit,
608 2706 662 2750 nos
679 2701 802 2751 tanturn
818 2679 859 2750 de
872 2681 1020 2752 omuibus
1031 2705 1104 2776 per·

113 2775 198 2846 sec'ie
219 2775 369 2856 'elasticis,
395 2803 470 2847 cum
496 2779 551 2848 Cl.
571 2775 721 2850 Wallifio
736 2784 769 2846 δι
787 2776 955 2849 Neritono
978 2773 1109 2865 asserui,

112 2899 183 2945 mus
197 2881 231 2945 δι
242 2871 538 2947 demonstravimus.
578 2880 708 2968 ..Neque
722 2876 811 2946 aliter
831 2896 922 2946 certe-
937 2893 991 2944 aut
1010 2875 1109 2946 intel··

112 2972 171 3067 ligi
190 2993 245 3042 aut
265 2968 414 3043 affirmari
436 2970 564 3042 debent.
615 2977 776 3044 Mutuum
801 2973 886 3042 euim
906 2977 1008 3068 Leges
1028 2997 1111 3065 qum

114 3068 302 3163 corporibus
316 3070 457 3161 ¹reliquis
480 3066 697 3142 non‘zuasti'cis
720 3078 914 3164 congruum,
926 3069 1002 3141 ralite
1016 3072 1111 3166 plme

115 3163 185 3235 sunt
204 3166 407 3260 plerumque,
433 3172 466 3236 &
489 3167 544 3236 ab·¹
559 3163 642 3237 hisce
670 3168 738 3238 satis
761 3164 925 3255 diversus
944 3189 1042 3262 prout
1059 3192 1112 3239 ex·

111 3284 182 3333 ante
195 3260 436 3333 diffie-abunde
449 3261 588 3334 constare
601 3262 724 3359 potest:
751 3284 845 3355 atque
853 3263 940 3336 -adeo
952 3288 1028 3333 cum
1040 3265 1110 3335 ela-t

114 3357 268 3430 sticoru'm
281 3360 406 3473 legibus
419 3358 492 3429 sunt
501 3361 632 3430 minime
641 3359 900 3431 contaminanda..
911 3388 914 3392 ’
932 3400 935 3407 ·
949 3365 1034 3446 Quae
1047 3387 1111 3432 atu-¹

114 3474 179 3526 tem
198 3454 328 3553 corpora
336 3450 521 3552 imperfecte
536 3455 660 3527 clastica
673 3455 853 3548 speciano-e
866 3458 1112 3533 Cl.·Newt0no.

114 3551 357 3653 insequentibus
376 3551 561 3633 tradentur.¹
603 3552 665 3627 Sed
680 3552 875 3637 Manum'dt
891 3553 1005 3635 tabula,
1105 3586 1112 3613 s

160 3677 433 3845 fissili-'1704'
486 3790 490 3800 ·
517 3704 536 3814 a:
563 3710 624 3809 Ινζ·

647 3852 726 3946 rs4
887 3794 983 3924 'sm
1011 3832 1105 3918 nin-
