2438 4328
118 173 195 270 '294
286 190 292 203 ’
400 132 837 267 PncAEdeTrONlcs
894 132 898 137 Ι

39 314 42 319 ’
117 306 203 385 sistat
217 305 249 378 in
261 299 373 376 eadem
384 304 505 372 ratione
512 328 524 384 3
553 301 587 373 Si
599 300 682 375 ultra
689 298 958 399 Atmosphaeram
973 296 1120 381 nostram

117 408 355 507 ipsamquoque
367 398 455 493 quast
467 400 499 470 in
511 396 675 471 infinitum
684 397 845 497 gradatim
857 400 1120 479 rarescentem,in

119 505 230 583 celos,
239 502 297 573 ubi
304 495 428 603 pondus
436 500 489 569 vel
495 494 631 569 densitas
642 497 754 578 medii,
767 499 800 570 in
813 522 884 592 quo
898 501 1046 572 Planetoe
1057 520 1119 566 mo-

121 604 252 681 ventur,
262 596 457 671 diminuitur
470 594 501 667 in
514 594 715 677 immensum,
721 595 943 696 respiciamus,
957 593 1122 668 resistentia

123 701 246 775 tantilla
254 696 320 774 trit
331 715 371 766 ut
388 719 444 795 per
456 694 615 768 millennla
634 695 757 789 aliquot
775 695 834 766 vix
853 692 980 767 evadat
1000 690 1122 765 senlibi·

120 800 184 873 lue
210 794 260 868 uti
278 816 387 866 revera
403 788 497 866 fuisse
512 788 721 866 insenfibllem
739 814 847 865 motus
864 790 1021 867 coelestes
1034 791 1053 860 Ξ
1065 791 1122 888 pri·

122 894 185 981 mis
201 890 415 964 Astronomiae
429 890 626 965 incunabulis
645 887 709 963 stne
721 891 854 965 notabili
872 893 1062 966 mutatione
1074 900 1120 960 aut

76 1011 84 1019 ‘
123 991 244 1087 jactum
263 987 430 1084 hucusque
449 986 645 1088 persrstentes
663 991 828 1062 evincunt.

146 1110 149 1115 '
173 1090 377 1160 Corollariam.
426 1092 517 1160 Cum
535 1109 615 1158 vero
634 1087 826 1187 intempore
845 1084 983 1162 infinito
1003 1083 1122 1184 perexi-

127 1182 191 1286 gria
199 1183 256 1257 ista
262 1182 465 1266 Resrstentia‚
479 1182 503 1256 fi
520 1181 650 1282 quasit,
666 1208 774 1257 omnes
787 1183 862 1258 istos
874 1200 992 1259 motus
1007 1172 1123 1256 debue-

131 1284 176 1356 rit
189 1280 356 1364 retardare,
381 1282 568 1381 penitusque
584 1281 702 1364 fidere,
728 1285 829 1382 palam
840 1282 887 1356 est
899 1278 1123 1379 existahypo

126 1378 209 1454 thesi
224 1379 418 1452 hodiernum
426 1384 584 1454 coelorum
594 1378 710 1452 statum
724 1404 782 1453 nec
797 1384 918 1480 ipatte
933 1401 1007 1454 ante
1023 1374 1123 1458 fuine,

127 1501 187 1552 nec
207 1480 224 1549 a
242 1499 328 1577 parte
344 1477 415 1576 post
435 1479 586 1553 futurum
607 1499 773 1551 aeternum.
824 1480 1009 1551 Praesertim
1022 1497 1124 1548 autem

128 1574 193 1649 hoc
212 1578 344 1647 omnino
364 1576 483 1651 valebit
504 1578 566 1648 alio
587 1577 727 1656 nominc,
755 1575 779 1647 fi
801 1601 914 1676 nempe
930 1577 1003 1648 vim
1023 1576 1125 1672 gravi-

132 1675 204 1747 tatis
224 1677 254 1745 in
273 1696 340 1747 tota
357 1699 463 1746 retum
477 1671 710 1752 Universum,
731 1680 765 1744 &
788 1700 852 1747 non
871 1695 1001 1746 tantum
1017 1674 1052 1744 in
1070 1677 1128 1767 Sy·

133 1769 262 1846 stemate
276 1774 375 1843 Solari
390 1773 546 1853 obtinere,
572 1797 648 1842 cum
663 1777 843 1853 Newtono,
869 1770 1059 1843 statuamus.
1097 1767 1129 1839 Si

132 1872 217 1942 enim
231 1873 318 1942 Fixae
332 1867 441 1952 stella,
454 1869 520 1940 five
535 1872 633 1950 Solet,
646 1895 722 1940 cum
739 1871 872 1941 Planetis
885 1871 951 1942 suis
967 1863 1131 1938 Cometis·

132 1990 197 2061 que
212 1969 427 2060 qualicunque
446 1966 586 2039 existunt
598 1991 742 2046 numero,
766 1966 868 2038 modo
885 1991 953 2038 non
969 1963 1008 2036 stt
1020 1961 1130 2035 infini-

103 2099 107 2106 ·
135 2085 200 2143 tus,
211 2065 389 2137 Gravitatis
401 2067 435 2135 vi
448 2064 583 2154 subjecti
596 2063 727 2144 fuerint,
735 2064 833 2162 longo
839 2063 978 2135 demum
985 2083 1130 2159 tempore

136 2160 186 2231 vis
203 2156 260 2230 isla
283 2181 319 2229 ea
338 2161 443 2232 omnia
463 2184 524 2232 um
545 2159 760 2242 contraxisset,
786 2169 820 2232 dc
840 2164 871 2234 in
888 2156 1051 2236 Univerfi
1062 2183 1132 2257 gra·

136 2256 244 2328 vitatis
252 2276 362 2326 centro
370 2258 534 2329 communi
542 2256 689 2358 congesta
696 2258 856 2353 quiescere
867 2255 1016 2350 juffisset.
1030 2252 1133 2349 Qod

139 2355 236 2426 etiam
253 2375 395 2450 tempore
410 2353 537 2428 infinito
549 2355 664 2430 futuro
680 2364 721 2428 ex
735 2355 850 2430 eodem
862 2352 1056 2454 hypothesi,
1071 2349 1133 2423 fine

137 2446 508 2545 Divina-Providentiae
523 2453 723 2552 interpositu,
749 2451 916 2527 necessario
935 2450 984 2526 est
997 2472 1135 2524 eventu·
1206 2520 1210 2549 ἰ

33 2548 36 2554 ’
137 2574 224 2624 rum.
275 2551 330 2620 Ut
346 2551 452 2644 itaque
475 2551 610 2623 Praesens
631 2577 741 2624 rerum
762 2549 859 2625 status
879 2572 1024 2650 tempore
1041 2568 1132 2620 certo
1207 2556 1214 2647 '4

139 2648 253 2746 etrapit,
279 2647 297 2716 i
322 2648 390 2718 Dei
409 2655 459 2720 O.
477 2654 532 2721 M.
546 2671 628 2720 nutu
651 2656 686 2721 &
707 2653 847 2748 potentia
869 2646 1040 2721 inchoatus
1052 2673 1065 2730 ;
1092 2648 1134 2716 ita

140 2743 269 2824 t'andem
289 2744 460 2839 aliquando
473 2745 543 2818 fieri
560 2746 664 2844 potest
689 2768 727 2818 ut
746 2746 844 2819 finem
861 2747 1029 2820 sortiatur:
1057 2768 1134 2817 cum

140 2842 261 2915 scilicet
278 2842 482 2940 Beneplacito
506 2845 634 2916 Divino
659 2842 694 2916 id
713 2844 818 2918 visum
832 2845 957 2935 suerit:
985 2841 1053 2914 stne
1078 2868 1136 2914 cu·

139 2938 191 3032 jus
210 2940 304 3011 etiam
315 2944 442 3039 perenni
465 2942 598 3023 actione,
625 2939 710 3015 unde
734 2945 796 3015 Vis
816 2941 887 3014 hac
901 2938 1049 3017 miranda
1066 2965 1137 3036 gra·

139 3036 248 3121 ¹vitatis
262 3035 422 3135 dependet
434 3040 524 3136 tota,'
538 3064 576 3111 ne
598 3041 769 3116 minimum
785 3042 939 3140 temporis
960 3036 1136 3140 spatiolum

140 3131 310 3233 perdurare
322 3134 438 3231 potest.
542 3134 544 3139 ’
659 3132 662 3139 ’

170 3319 175 3330 1
193 3234 425 3307 LXXXVIII.
453 3238 639 3307 Commune
666 3257 812 3308 centrum
831 3236 996 3335 grauitatis
1007 3236 1137 3314 Tetra,

143 3329 237 3409 Solis,
256 3337 291 3401 δι
316 3332 513 3412 Planetamm
532 3335 679 3421 omnium
693 3355 749 3410 aut
767 3334 916 3427 quiescit,
942 3355 998 3406 aut
1021 3357 1138 3426 movef

80 3440 82 3443 ’
142 3445 200 3505 tur
216 3427 419 3513 uniformiter
437 3432 470 3502 in
488 3431 567 3503 linea
586 3432 680 3508 reda.
695 3432 705 3438 ”
738 3434 817 3508 Hoc
837 3456 879 3503 ex
893 3432 982 3527 prius
1001 3429 1140 3502 demon·

145 3520 246 3596 stratis
264 3527 379 3618 liquet.
429 3529 550 3624 Neque
569 3525 638 3600 sane
658 3530 726 3605 ullo
749 3551 838 3603 certo
861 3526 984 3603 indicio
1006 3548 1137 3625 apparet

111 3682 112 3695 ,
148 3641 259 3693 utrum
283 3625 424 3716 quiescat
451 3649 488 3696 an
511 3648 691 3700 moveatur.
740 3630 819 3700 Hoc
846 3648 971 3699 tantum
996 3622 1137 3698 statuere

144 3718 235 3810 licet,
260 3718 363 3814 Qiod
382 3720 407 3805 fi
421 3738 589 3797 moveatur
600 3745 746 3805 centrum
767 3721 861 3807 illud,
887 3730 922 3797 δε
935 3747 1012 3796 cum
1024 3748 1067 3796 eo
1081 3728 1141 3818 So·³

145 3817 210 3919 lare
230 3815 374 3919 S'ystema
401 3834 440 3916 ut
468 3831 638 3921 moueatur
668 3819 715 3894 est
742 3819 873 3932 necesseff
920 3820 1025 3931 Stella
1050 3822 1141 3990 epxitn

255 3950 259 3964 ⁸
1066 3995 1071 4001 .
1115 3942 1144 3999 ae
