2438 4328
125 160 192 232 2'50
316 105 827 202 'aroniim-ionii·
964 154 969 163 ·
1111 130 1116 141 ·

147 300 150 305 ·
175 263 304 338 Includi
319 263 513 359 intelligatur
531 260 684 335 Fluidum
696 266 727 336 in
741 263 840 361 spatio
856 263 976 337 cubico
1000 267 1120 337 Aca.

125 364 201 437 dein
227 357 456 459 compressione
482 357 587 458 redigi
614 365 644 432 in
671 361 690 432 s
722 365 806 434 tium
833 362 990 433 cubicum
1012 364 1124 435 minus

124 489 196 533 ace.
223 466 268 532 Et
285 460 510 559 particularum
526 455 662 531 similem
674 388 772 534 dium
790 460 913 532 interse
928 461 963 531 in
976 479 1122 552 utroque

122 559 223 658 spatio
248 557 294 628 ob
324 577 468 627 naturam
496 554 666 630 fluiditatis
698 558 925 635 obtinentium,
959 554 1123 630 distantiae

123 678 216 730 erunt
241 676 278 726 ut
298 655 472 724 Cuborum
490 660 604 726 Latera
629 663 712 737 AB,
738 655 807 726 ab:
833 661 867 725 &
884 651 998 726 Medii
1011 651 1123 725 densi·

119 775 198 827 tates
209 755 371 849 reciproce
389 772 426 822 ut
445 752 540 847 spatia
560 756 674 825 cubica
687 753 877 826 continentia
892 757 964 820 AB
975 750 1056 823 cub.
1085 758 1120 822 &

123 851 171 922 ab
188 850 266 922 cub.
300 853 338 918 In
354 850 450 918 latere
465 850 541 921 cubi
562 851 687 939 majoris
710 857 777 921 AB
785 856 851 921 CD
875 850 1022 946 capiatur
1037 872 1118 943 qua·

121 947 250 1021 dratum
274 951 354 1023 DF,
382 946 500 1037 aequale
523 947 680 1040 quadrato
700 949 777 1020 cubi
803 948 932 1018 minoris
957 945 1020 1017 db.
1073 951 1121 1017 Et

121 1070 163 1119 ex
182 1037 354 1142 hypothesi
370 1040 483 1136 preffio
495 1069 559 1138 qua
571 1046 761 1138 quadratum
773 1051 840 1114 ΒΡ
860 1063 954 1140 urget
973 1040 1117 1115 fluidum

122 1143 292 1219 inclusum,
320 1135 403 1220 (sive
445 1166 485 1212 ua
512 1139 653 1215 fluidum
678 1142 833 1215 inclusum
859 1166 881 1210 u
940 1138 1117 1234 tquadra·

122 1251 213 1329 tum)
229 1232 343 1345 erituad
354 1164 542 1332 pressionem
555 1265 618 1333 qua
634 1240 826 1335 quadratum
841 1240 897 1309 illu
944 1236 993 1306 db
1017 1257 1114 1334 urget

96 1337 266 1431 fluidum
291 1331 466 1417 inclusum,
501 1357 539 1408 ut
563 1339 675 1410 Medii
695 1334 861 1410 denfitates
885 1330 925 1406 ad
947 1335 1087 1407 invicem
1099 1360 1112 1416 ς

542 1432 606 1504 hoc
620 1434 678 1517 est,
703 1457 740 1506 ut
755 1432 802 1503 ab
814 1432 891 1503 cub.
904 1427 945 1503 ad
953 1437 1024 1501 AB
1039 1431 1115 1502 cub.

481 1541 516 1598 1:
547 1530 609 1603 Sed
628 1531 743 1630 pressio
758 1556 822 1625 qua
835 1525 1030 1621 quadratum
1050 1533 1117 1599 BD

429 1660 435 1685 ··
545 1650 641 1727 urget
660 1629 801 1702 fluidum
818 1626 985 1705 inclusum,
1012 1621 1116 1699 estad

405 1738 444 1835 ’ἦ
486 1763 513 1812 it
543 1724 729 1823 pressionem
742 1751 808 1818 qua
830 1721 1024 1817 quadratum
1046 1729 1117 1792 DP

332 1826 335 1832 ’
504 1865 509 1877 ·
544 1846 638 1920 urget
653 1824 739 1896 idem
755 1819 907 1899 fluidum,
925 1818 1116 1912 utquadra·

544 1943 615 1992 tum
640 1928 720 2001 DE,
747 1918 787 1991 ad
810 1915 1005 2010 quadratum
1031 1925 1113 1989 DP.

544 2017 607 2088 hoc
638 2016 703 2098 est,
734 2038 772 2089 ut
796 2021 873 2084 AB
907 2060 918 2091 ‚
949 2011 990 2086 ad
1012 2012 1109 2110 abq.

544 2119 637 2211 Ergo
656 2140 696 2187 ex
715 2139 808 2207 aequo
821 2041 934 2208 predio
952 2135 1018 2203 qua
1029 2135 1111 2206 qua·

542 2211 670 2284 dratum
694 2218 761 2282 DB
786 2230 878 2305 urget
892 2206 1050 2289 fluidum,
1065 2207 1113 2280 est

543 2308 583 2381 ad
611 2307 799 2407 pressionem
822 2331 885 2398 qua
916 2303 1113 2398 quadratum

542 2406 588 2476 db
613 2428 707 2502 urget
736 2402 894 2482 fluidum,
919 2423 957 2472 ut
981 2401 1042 2482 ab,
1070 2402 1112 2473 ad

541 2510 620 2576 AB.
646 2501 712 2576 sive
732 2503 895 2598 reciproce
909 2521 946 2570 ut
963 2497 1111 2574 distraitia

538 2603 779 2698 particularum.
839 2597 1002 2667 Subtiaua
1020 2597 1109 2667 enim

537 2698 579 2770 de
601 2702 720 2771 ratione
740 2696 897 2791 triplicata
912 2696 1047 2764 laterum
1063 2694 1111 2763 ab

429 2838 433 2848 ·
492 2840 496 2845 ·
539 2804 573 2866 ἂ
598 2803 683 2878 AB,
707 2796 826 2865 ratione
845 2789 1020 2879 eorundem
1045 2789 1111 2862 du·

538 2896 669 2990 plicata3
688 2889 795 2981 ,restat
811 2890 892 2960 ratio
907 2885 1042 2985 finiplex
1065 2889 1111 2960 ln·

449 3059 452 3065 .
539 3011 657 3072 terum,
670 2988 748 3061 'five
760 2985 915 3070 distantiae
935 2989 1111 3081 particula·

313 3151 316 3159 .
371 3154 374 3159 .
398 3108 402 3121 ·
538 3114 631 3169 rum,
657 3084 804 3185 press'ioni
822 3081 992 3156 earundem
1006 3086 1040 3153 in
1054 3109 1112 3162 vas

408 3186 412 3264 ’,
451 3182 456 3191 ’
488 3272 490 3277 ,
539 3189 700 3260 continens
714 3180 797 3277 (five
816 3179 896 3252 vasis
911 3182 1110 3252 ,continentis

538 3287 571 3356 in
591 3283 773 3380 particulas)
792 3281 954 3376 reciproce
969 3301 1108 3375 propor-

291 3445 293 3449 .
367 3444 369 3451 .
433 3451 437 3455 ,
537 3381 672 3462 tionalin
705 3375 857 3472 Exempli
872 3377 992 3474 gratiae
1020 3371 1110 3445 Esto

112 3486 331 3579 cubus-major
344 3484 422 3558 cubi
437 3480 567 3565 minoris
579 3477 747 3574 odiuplus:
775 3472 840 3545 sive
853 3474 933 3544 latus
946 3471 1106 3544 cubima-

105 3588 187 3681 ioris
206 3588 310 3675 lateris
325 3583 402 3673 ¹cubi
420 3575 551 3677 minoris
572 3575 721 3674 duplum.
771 3574 864 3642 Tum
881 3569 949 3643 sane
965 3566 1104 3641 densitas

111 3684 208 3758 fluidi
227 3687 259 3755 in
280 3683 350 3771 vase
368 3668 491 3757 min'nre
512 3676 574 3748 erit
595 3696 728 3769 quoque
752 3666 914 3741 densitatis
933 3667 1104 3758 inmajore

101 3785 257 3882 octupla,
288 3780 332 3853 ob
359 3774 491 3850 eandem
514 3773 655 3848 mate'riae
686 3768 896 3866 quantitatem
931 3764 963 3833 in
996 3763 1104 3935 (spaipo

250 3889 252 3893 ·
742 3884 744 3888 ’
965 3884 1103 3964 οιὶιιρο
