<?xml version="1.0" encoding="UTF-8"?>
<!DOCTYPE html PUBLIC "-//W3C//DTD XHTML 1.0 Transitional//EN"
    "http://www.w3.org/TR/xhtml1/DTD/xhtml1-transitional.dtd">
<html xmlns="http://www.w3.org/1999/xhtml" xml:lang="en" lang="en">
 <head>
  <title>
</title>
<meta http-equiv="Content-Type" content="text/html;charset=utf-8" />
  <meta name='ocr-system' content='tesseract 3.04.00' />
  <meta name='ocr-capabilities' content='ocr_page ocr_carea ocr_par ocr_line ocrx_word'/>
</head>
<body>
  <div class='ocr_page' id='page_1' title='image "./praelectionesph00whisgoog/praelectionesph00whisgoog_0037.png"; bbox 0 0 2438 4328; ppageno 0'>
   <div class='ocr_carea' id='block_1_1' title="bbox 11 144 836 258">
    <p class='ocr_par' dir='ltr' id='par_1_1' title="bbox 11 144 836 258">
     <span class='ocr_line' id='line_1_1' title="bbox 11 144 836 258; baseline -0.01 -23"><span class='ocrx_word' id='word_1_1' title='bbox 11 144 20 151; x_wconf 79' lang='grc'><strong>’</strong></span> <span class='ocrx_word' id='word_1_2' title='bbox 134 183 179 258; x_wconf 64' lang='grc' dir='ltr'>ςο</span> <span class='ocrx_word' id='word_1_3' title='bbox 392 154 836 229; x_wconf 64' lang='grc' dir='ltr'><em>ΡΜιεσποΝω</em></span> 
     </span>
    </p>
   </div>
   <div class='ocr_carea' id='block_1_2' title="bbox 66 272 1118 1268">
    <p class='ocr_par' dir='ltr' id='par_1_2' title="bbox 124 272 1118 681">
     <span class='ocr_line' id='line_1_2' title="bbox 127 272 1118 389; baseline 0.003 -24"><span class='ocrx_word' id='word_1_4' title='bbox 127 312 220 372; x_wconf 76' lang='lat' dir='ltr'>tates,</span> <span class='ocrx_word' id='word_1_5' title='bbox 235 284 544 371; x_wconf 56' lang='lat' dir='ltr'>causameffeblut.</span> <span class='ocrx_word' id='word_1_6' title='bbox 577 288 706 380; x_wconf 77' lang='lat' dir='ltr'><strong>Quietis</strong></span> <span class='ocrx_word' id='word_1_7' title='bbox 715 272 1118 389; x_wconf 69' lang='lat' dir='ltr'>Abblutaeproptlelarest</span> 
     </span>
     <span class='ocr_line' id='line_1_3' title="bbox 126 382 1117 487; baseline 0.003 -25"><span class='ocrx_word' id='word_1_8' title='bbox 126 387 244 487; x_wconf 82' lang='lat' dir='ltr'>quode</span> <span class='ocrx_word' id='word_1_9' title='bbox 324 382 952 481; x_wconf 75' lang='lat' dir='ltr'>raverbquiescentiaquiescuntintersea</span> <span class='ocrx_word' id='word_1_10' title='bbox 967 388 1117 484; x_wconf 82' lang='lat' dir='ltr'>Ideoque</span> 
     </span>
     <span class='ocr_line' id='line_1_4' title="bbox 125 482 1118 587; baseline -0.001 -26"><span class='ocrx_word' id='word_1_11' title='bbox 125 512 202 561; x_wconf 79' lang='lat' dir='ltr'>eum</span> <span class='ocrx_word' id='word_1_12' title='bbox 213 511 257 587; x_wconf 89' lang='lat' dir='ltr'>po</span> <span class='ocrx_word' id='word_1_13' title='bbox 281 487 358 559; x_wconf 88' lang='lat' dir='ltr'>rbile</span> <span class='ocrx_word' id='word_1_14' title='bbox 376 482 429 564; x_wconf 84' lang='lat' dir='ltr'>stt,</span> <span class='ocrx_word' id='word_1_15' title='bbox 443 505 480 555; x_wconf 95' lang='lat' dir='ltr'>ut</span> <span class='ocrx_word' id='word_1_16' title='bbox 507 507 624 582; x_wconf 78' lang='lat' dir='ltr'>eorpus</span> <span class='ocrx_word' id='word_1_17' title='bbox 640 484 773 579; x_wconf 86' lang='lat' dir='ltr'>aliquod</span> <span class='ocrx_word' id='word_1_18' title='bbox 790 488 829 558; x_wconf 86' lang='lat' dir='ltr'>ia·</span> <span class='ocrx_word' id='word_1_19' title='bbox 844 487 1031 586; x_wconf 73' lang='lat' dir='ltr'>regionibus</span> <span class='ocrx_word' id='word_1_20' title='bbox 1048 487 1118 560; x_wconf 80' lang='lat' dir='ltr'>lix·</span> 
     </span>
     <span class='ocr_line' id='line_1_5' title="bbox 124 581 1116 681; baseline 0.001 -22"><span class='ocrx_word' id='word_1_21' title='bbox 124 609 214 658; x_wconf 76' lang='lat' dir='ltr'>artam</span> <span class='ocrx_word' id='word_1_22' title='bbox 227 605 282 657; x_wconf 90' lang='lat' dir='ltr'>aut</span> <span class='ocrx_word' id='word_1_23' title='bbox 295 587 388 681; x_wconf 86' lang='lat' dir='ltr'>longe</span> <span class='ocrx_word' id='word_1_24' title='bbox 407 583 490 654; x_wconf 92' lang='lat' dir='ltr'>ultra</span> <span class='ocrx_word' id='word_1_25' title='bbox 505 581 645 675; x_wconf 87' lang='lat' dir='ltr'>quiescat</span> <span class='ocrx_word' id='word_1_26' title='bbox 664 583 816 664; x_wconf 70' lang='lat' dir='ltr'>abolute,</span> <span class='ocrx_word' id='word_1_27' title='bbox 842 582 913 655; x_wconf 89' lang='lat' dir='ltr'>sciri</span> <span class='ocrx_word' id='word_1_28' title='bbox 926 605 1034 673; x_wconf 77' lang='lat' dir='ltr'>autem</span> <span class='ocrx_word' id='word_1_29' title='bbox 1048 609 1116 660; x_wconf 85' lang='lat' dir='ltr'>uon</span> 
     </span>
    </p>

    <p class='ocr_par' dir='ltr' id='par_1_3' title="bbox 66 676 1113 1268">
     <span class='ocr_line' id='line_1_6' title="bbox 168 676 1113 780; baseline -0.001 -24"><span class='ocrx_word' id='word_1_30' title='bbox 168 680 220 756; x_wconf 86' lang='lat' dir='ltr'>lsrt</span> <span class='ocrx_word' id='word_1_31' title='bbox 245 705 287 753; x_wconf 87' lang='lat' dir='ltr'>ex</span> <span class='ocrx_word' id='word_1_32' title='bbox 314 676 377 751; x_wconf 86' lang='lat' dir='ltr'>fitu</span> <span class='ocrx_word' id='word_1_33' title='bbox 401 702 573 777; x_wconf 86' lang='lat' dir='ltr'>corporum</span> <span class='ocrx_word' id='word_1_34' title='bbox 590 676 631 752; x_wconf 93' lang='lat' dir='ltr'>ad</span> <span class='ocrx_word' id='word_1_35' title='bbox 649 681 788 754; x_wconf 86' lang='lat' dir='ltr'>invicem</span> <span class='ocrx_word' id='word_1_36' title='bbox 801 683 834 753; x_wconf 90' lang='lat' dir='ltr'>in</span> <span class='ocrx_word' id='word_1_37' title='bbox 848 682 1034 780; x_wconf 77' lang='lat' dir='ltr'>regionibus</span> <span class='ocrx_word' id='word_1_38' title='bbox 1052 708 1113 755; x_wconf 83' lang='lat' dir='ltr'>no-</span> 
     </span>
     <span class='ocr_line' id='line_1_7' title="bbox 122 704 1113 878; baseline 0 -26"><span class='ocrx_word' id='word_1_39' title='bbox 122 704 194 852; x_wconf 47' lang='lat' dir='ltr'>bis</span> <span class='ocrx_word' id='word_1_40' title='bbox 223 795 335 851; x_wconf 74' lang='lat' dir='ltr'>umam</span> <span class='ocrx_word' id='word_1_41' title='bbox 355 773 474 849; x_wconf 88' lang='lat' dir='ltr'>horum</span> <span class='ocrx_word' id='word_1_42' title='bbox 522 778 529 792; x_wconf 84' lang='lat'>&#39;</span> <span class='ocrx_word' id='word_1_43' title='bbox 556 775 622 851; x_wconf 92' lang='lat' dir='ltr'>uod</span> <span class='ocrx_word' id='word_1_44' title='bbox 639 775 678 850; x_wconf 92' lang='lat' dir='ltr'>ad</span> <span class='ocrx_word' id='word_1_45' title='bbox 694 779 910 878; x_wconf 86' lang='lat' dir='ltr'>longinquum</span> <span class='ocrx_word' id='word_1_46' title='bbox 930 779 1013 853; x_wconf 91' lang='lat' dir='ltr'>illud</span> <span class='ocrx_word' id='word_1_47' title='bbox 1037 804 1113 852; x_wconf 89' lang='lat' dir='ltr'>cor-</span> 
     </span>
     <span class='ocr_line' id='line_1_8' title="bbox 66 871 1111 990; baseline 0.004 -42"><span class='ocrx_word' id='word_1_48' title='bbox 66 932 69 937; x_wconf 79' lang='lat'><em>.</em></span> <span class='ocrx_word' id='word_1_49' title='bbox 120 896 180 990; x_wconf 68' lang='lat' dir='ltr'>prr</span> <span class='ocrx_word' id='word_1_50' title='bbox 199 873 306 948; x_wconf 84' lang='lat' dir='ltr'>datam</span> <span class='ocrx_word' id='word_1_51' title='bbox 320 871 510 973; x_wconf 73' lang='lat' dir='ltr'>positionem</span> <span class='ocrx_word' id='word_1_52' title='bbox 538 895 638 956; x_wconf 79' lang='lat' dir='ltr'>eruet,</span> <span class='ocrx_word' id='word_1_53' title='bbox 657 878 751 969; x_wconf 78' lang='lat' dir='ltr'>quiea</span> <span class='ocrx_word' id='word_1_54' title='bbox 766 901 841 949; x_wconf 88' lang='lat' dir='ltr'>vera</span> <span class='ocrx_word' id='word_1_55' title='bbox 858 901 898 949; x_wconf 83' lang='lat' dir='ltr'>ex</span> <span class='ocrx_word' id='word_1_56' title='bbox 914 875 1032 950; x_wconf 87' lang='lat' dir='ltr'>horum</span> <span class='ocrx_word' id='word_1_57' title='bbox 1046 875 1111 952; x_wconf 83' lang='lat' dir='ltr'>srtu</span> 
     </span>
     <span class='ocr_line' id='line_1_9' title="bbox 122 970 1112 1071; baseline 0.003 -25"><span class='ocrx_word' id='word_1_58' title='bbox 122 972 238 1046; x_wconf 84' lang='lat' dir='ltr'>mterse</span> <span class='ocrx_word' id='word_1_59' title='bbox 245 970 502 1068; x_wconf 84' lang='lat' dir='ltr'>defiuitinequit.</span> <span class='ocrx_word' id='word_1_60' title='bbox 512 972 629 1046; x_wconf 71' lang='lat' dir='ltr'>Morus</span> <span class='ocrx_word' id='word_1_61' title='bbox 636 973 770 1047; x_wconf 76' lang='lat' dir='ltr'>abbluti</span> <span class='ocrx_word' id='word_1_62' title='bbox 780 976 956 1071; x_wconf 85' lang='lat' dir='ltr'>Proprietas</span> <span class='ocrx_word' id='word_1_63' title='bbox 963 974 1009 1048; x_wconf 91' lang='lat' dir='ltr'>est</span> <span class='ocrx_word' id='word_1_64' title='bbox 1016 975 1112 1069; x_wconf 90' lang='lat' dir='ltr'>quod</span> 
     </span>
     <span class='ocr_line' id='line_1_10' title="bbox 120 1067 1112 1171; baseline 0.005 -30"><span class='ocrx_word' id='word_1_65' title='bbox 120 1090 222 1168; x_wconf 83' lang='lat' dir='ltr'>partes</span> <span class='ocrx_word' id='word_1_66' title='bbox 241 1094 316 1164; x_wconf 85' lang='lat' dir='ltr'>qua</span> <span class='ocrx_word' id='word_1_67' title='bbox 334 1067 420 1143; x_wconf 76' lang='lat' dir='ltr'>datae</span> <span class='ocrx_word' id='word_1_68' title='bbox 436 1072 557 1144; x_wconf 84' lang='lat' dir='ltr'>servant</span> <span class='ocrx_word' id='word_1_69' title='bbox 577 1067 748 1170; x_wconf 80' lang='lat' dir='ltr'>positiones</span> <span class='ocrx_word' id='word_1_70' title='bbox 769 1069 810 1144; x_wconf 88' lang='lat' dir='ltr'>ad</span> <span class='ocrx_word' id='word_1_71' title='bbox 830 1092 899 1144; x_wconf 85' lang='lat' dir='ltr'>tota</span> <span class='ocrx_word' id='word_1_72' title='bbox 918 1074 1112 1171; x_wconf 78' lang='lat' dir='ltr'>participant</span> 
     </span>
     <span class='ocr_line' id='line_1_11' title="bbox 120 1164 1109 1268; baseline 0.003 -28"><span class='ocrx_word' id='word_1_73' title='bbox 120 1189 229 1240; x_wconf 81' lang='lat' dir='ltr'>motus</span> <span class='ocrx_word' id='word_1_74' title='bbox 241 1164 416 1240; x_wconf 86' lang='lat' dir='ltr'>eorundem</span> <span class='ocrx_word' id='word_1_75' title='bbox 429 1188 595 1241; x_wconf 83' lang='lat' dir='ltr'>totoruma</span> <span class='ocrx_word' id='word_1_76' title='bbox 624 1173 711 1242; x_wconf 89' lang='lat' dir='ltr'>Nam</span> <span class='ocrx_word' id='word_1_77' title='bbox 725 1173 911 1267; x_wconf 82' lang='lat' dir='ltr'>gyrantium</span> <span class='ocrx_word' id='word_1_78' title='bbox 926 1174 1109 1268; x_wconf 81' lang='lat' dir='ltr'>partesom-</span> 
     </span>
    </p>
   </div>
   <div class='ocr_carea' id='block_1_3' title="bbox 6 1263 1109 1368">
    <p class='ocr_par' dir='ltr' id='par_1_4' title="bbox 6 1263 1109 1368">
     <span class='ocr_line' id='line_1_12' title="bbox 6 1263 1109 1368; baseline 0.003 -31"><span class='ocrx_word' id='word_1_79' title='bbox 6 1296 16 1315; x_wconf 92' lang='lat'><strong>·</strong></span> <span class='ocrx_word' id='word_1_80' title='bbox 118 1287 174 1337; x_wconf 80' lang='lat' dir='ltr'>net</span> <span class='ocrx_word' id='word_1_81' title='bbox 188 1271 339 1338; x_wconf 81' lang='lat' dir='ltr'>currantur</span> <span class='ocrx_word' id='word_1_82' title='bbox 350 1263 495 1339; x_wconf 84' lang='lat' dir='ltr'>recedere</span> <span class='ocrx_word' id='word_1_83' title='bbox 508 1264 550 1337; x_wconf 89' lang='lat' dir='ltr'>de</span> <span class='ocrx_word' id='word_1_84' title='bbox 564 1288 623 1337; x_wconf 84' lang='lat' dir='ltr'>axe</span> <span class='ocrx_word' id='word_1_85' title='bbox 637 1264 756 1348; x_wconf 74' lang='lat' dir='ltr'>morib,</span> <span class='ocrx_word' id='word_1_86' title='bbox 782 1274 816 1338; x_wconf 75' lang='grc' dir='ltr'>δι</span> <span class='ocrx_word' id='word_1_87' title='bbox 830 1267 1109 1368; x_wconf 80' lang='lat' dir='ltr'>progredientium</span> 
     </span>
    </p>
   </div>
   <div class='ocr_carea' id='block_1_4' title="bbox 26 1361 1109 3966">
    <p class='ocr_par' dir='ltr' id='par_1_5' title="bbox 54 1361 1109 1753">
     <span class='ocr_line' id='line_1_13' title="bbox 88 1361 1109 1465; baseline 0.003 -30"><span class='ocrx_word' id='word_1_88' title='bbox 88 1365 89 1368; x_wconf 70' lang='grc'>’</span> <span class='ocrx_word' id='word_1_89' title='bbox 109 1361 257 1461; x_wconf 67' lang='lat' dir='ltr'>‘impetus</span> <span class='ocrx_word' id='word_1_90' title='bbox 279 1366 387 1436; x_wconf 91' lang='lat' dir='ltr'>oritur</span> <span class='ocrx_word' id='word_1_91' title='bbox 405 1386 448 1435; x_wconf 83' lang='lat' dir='ltr'>ex</span> <span class='ocrx_word' id='word_1_92' title='bbox 468 1363 643 1456; x_wconf 68' lang='lat' dir='ltr'>conjunsto</span> <span class='ocrx_word' id='word_1_93' title='bbox 666 1363 790 1462; x_wconf 86' lang='lat' dir='ltr'>impetu</span> <span class='ocrx_word' id='word_1_94' title='bbox 812 1367 953 1462; x_wconf 80' lang='lat' dir='ltr'>partium</span> <span class='ocrx_word' id='word_1_95' title='bbox 968 1361 1109 1465; x_wconf 79' lang='lat' dir='ltr'>singula-</span> 
     </span>
     <span class='ocr_line' id='line_1_14' title="bbox 118 1459 1108 1558; baseline 0.004 -26"><span class='ocrx_word' id='word_1_96' title='bbox 118 1482 212 1542; x_wconf 79' lang='lat' dir='ltr'>nun:</span> <span class='ocrx_word' id='word_1_97' title='bbox 239 1459 348 1558; x_wconf 79' lang='lat' dir='ltr'>Igitur</span> <span class='ocrx_word' id='word_1_98' title='bbox 373 1461 470 1533; x_wconf 80' lang='lat' dir='ltr'>moris</span> <span class='ocrx_word' id='word_1_99' title='bbox 491 1459 677 1558; x_wconf 82' lang='lat' dir='ltr'>corporibus</span> <span class='ocrx_word' id='word_1_100' title='bbox 701 1461 911 1534; x_wconf 82' lang='lat' dir='ltr'>ambientibus</span> <span class='ocrx_word' id='word_1_101' title='bbox 931 1484 1108 1536; x_wconf 87' lang='lat' dir='ltr'>moventur</span> 
     </span>
     <span class='ocr_line' id='line_1_15' title="bbox 117 1557 1108 1660; baseline 0.006 -31"><span class='ocrx_word' id='word_1_102' title='bbox 117 1578 194 1650; x_wconf 83' lang='lat' dir='ltr'>quar</span> <span class='ocrx_word' id='word_1_103' title='bbox 214 1557 473 1630; x_wconf 83' lang='lat' dir='ltr'>inunbientibus</span> <span class='ocrx_word' id='word_1_104' title='bbox 493 1557 623 1630; x_wconf 79' lang='lat' dir='ltr'>relative</span> <span class='ocrx_word' id='word_1_105' title='bbox 644 1559 824 1651; x_wconf 87' lang='lat' dir='ltr'>quiescunt.</span> <span class='ocrx_word' id='word_1_106' title='bbox 874 1562 921 1630; x_wconf 86' lang='lat' dir='ltr'>Et</span> <span class='ocrx_word' id='word_1_107' title='bbox 940 1582 1108 1660; x_wconf 69' lang='lat' dir='ltr'>propterea</span> 
     </span>
     <span class='ocr_line' id='line_1_16' title="bbox 54 1651 1107 1753; baseline 0.005 -28"><span class='ocrx_word' id='word_1_108' title='bbox 54 1683 57 1690; x_wconf 47' lang='lat'><strong><em>¹</em></strong></span> <span class='ocrx_word' id='word_1_109' title='bbox 117 1674 226 1728; x_wconf 77' lang='lat' dir='ltr'>motus</span> <span class='ocrx_word' id='word_1_110' title='bbox 244 1679 338 1728; x_wconf 84' lang='lat' dir='ltr'>verua</span> <span class='ocrx_word' id='word_1_111' title='bbox 352 1660 387 1725; x_wconf 77' lang='grc' dir='ltr'>δι</span> <span class='ocrx_word' id='word_1_112' title='bbox 408 1653 566 1728; x_wconf 69' lang='lat' dir='ltr'>absolutus</span> <span class='ocrx_word' id='word_1_113' title='bbox 580 1651 838 1750; x_wconf 83' lang='lat' dir='ltr'>definlrinequit</span> <span class='ocrx_word' id='word_1_114' title='bbox 852 1679 909 1753; x_wconf 92' lang='lat' dir='ltr'>per</span> <span class='ocrx_word' id='word_1_115' title='bbox 926 1658 1107 1733; x_wconf 86' lang='lat' dir='ltr'>transsatio·</span> 
     </span>
    </p>

    <p class='ocr_par' dir='ltr' id='par_1_6' title="bbox 26 1750 1109 3966">
     <span class='ocr_line' id='line_1_17' title="bbox 26 1750 1106 1851; baseline 0.007 -33"><span class='ocrx_word' id='word_1_116' title='bbox 26 1808 29 1818; x_wconf 89' lang='lat'><em>.</em></span> <span class='ocrx_word' id='word_1_117' title='bbox 117 1750 749 1850; x_wconf 75' lang='lat' dir='ltr'>nemericiniaambientiumcorporum,</span> <span class='ocrx_word' id='word_1_118' title='bbox 757 1752 1106 1851; x_wconf 79' lang='lat' dir='ltr'>quatanquamqules-</span> 
     </span>
     <span class='ocr_line' id='line_1_18' title="bbox 116 1847 1108 1948; baseline 0.007 -28"><span class='ocrx_word' id='word_1_119' title='bbox 116 1847 218 1921; x_wconf 82' lang='lat' dir='ltr'>centia</span> <span class='ocrx_word' id='word_1_120' title='bbox 245 1847 440 1948; x_wconf 65' lang='lat' dir='ltr'>spedantm:</span> <span class='ocrx_word' id='word_1_121' title='bbox 466 1849 598 1921; x_wconf 82' lang='lat' dir='ltr'>Debent</span> <span class='ocrx_word' id='word_1_122' title='bbox 619 1873 752 1946; x_wconf 74' lang='lat' dir='ltr'>corpote</span> <span class='ocrx_word' id='word_1_123' title='bbox 775 1851 827 1923; x_wconf 90' lang='lat' dir='ltr'>illa</span> <span class='ocrx_word' id='word_1_124' title='bbox 850 1851 1019 1933; x_wconf 82' lang='lat' dir='ltr'>ambientia</span> <span class='ocrx_word' id='word_1_125' title='bbox 1039 1870 1108 1927; x_wconf 75' lang='lat' dir='ltr'>nod</span> 
     </span>
     <span class='ocr_line' id='line_1_19' title="bbox 115 1940 1109 2042; baseline 0.008 -27"><span class='ocrx_word' id='word_1_126' title='bbox 115 1940 218 2017; x_wconf 88' lang='lat' dir='ltr'>solum</span> <span class='ocrx_word' id='word_1_127' title='bbox 244 1963 394 2040; x_wconf 80' lang='lat' dir='ltr'>tanquam</span> <span class='ocrx_word' id='word_1_128' title='bbox 419 1943 612 2038; x_wconf 86' lang='lat' dir='ltr'>quiescentia</span> <span class='ocrx_word' id='word_1_129' title='bbox 638 1947 787 2042; x_wconf 67' lang='lat' dir='ltr'>spaeram,</span> <span class='ocrx_word' id='word_1_130' title='bbox 820 1945 872 2018; x_wconf 88' lang='lat' dir='ltr'>sed</span> <span class='ocrx_word' id='word_1_131' title='bbox 905 1949 1002 2021; x_wconf 89' lang='lat' dir='ltr'>etiam</span> <span class='ocrx_word' id='word_1_132' title='bbox 1027 1967 1109 2022; x_wconf 66' lang='lat' dir='ltr'>vere</span> 
     </span>
     <span class='ocr_line' id='line_1_20' title="bbox 114 2039 1103 2140; baseline 0.009 -28"><span class='ocrx_word' id='word_1_133' title='bbox 114 2039 302 2134; x_wconf 71' lang='lat' dir='ltr'>quiesceret</span> <span class='ocrx_word' id='word_1_134' title='bbox 330 2041 488 2134; x_wconf 82' lang='lat' dir='ltr'>Alioquin</span> <span class='ocrx_word' id='word_1_135' title='bbox 501 2042 623 2113; x_wconf 88' lang='lat' dir='ltr'>Inclusa</span> <span class='ocrx_word' id='word_1_136' title='bbox 630 2045 736 2115; x_wconf 90' lang='lat' dir='ltr'>omnia</span> <span class='ocrx_word' id='word_1_137' title='bbox 743 2063 857 2140; x_wconf 83' lang='lat' dir='ltr'>praeter</span> <span class='ocrx_word' id='word_1_138' title='bbox 869 2044 1103 2125; x_wconf 82' lang='lat' dir='ltr'>tratrssatiouem</span> 
     </span>
     <span class='ocr_line' id='line_1_21' title="bbox 114 2137 1103 2236; baseline 0.007 -28"><span class='ocrx_word' id='word_1_139' title='bbox 114 2159 133 2208; x_wconf 88' lang='lat' dir='ltr'>e</span> <span class='ocrx_word' id='word_1_140' title='bbox 155 2137 273 2210; x_wconf 91' lang='lat' dir='ltr'>vicinia</span> <span class='ocrx_word' id='word_1_141' title='bbox 294 2138 501 2210; x_wconf 84' lang='lat' dir='ltr'>ambientium</span> <span class='ocrx_word' id='word_1_142' title='bbox 524 2139 759 2236; x_wconf 78' lang='lat' dir='ltr'>participabant</span> <span class='ocrx_word' id='word_1_143' title='bbox 777 2141 873 2213; x_wconf 91' lang='lat' dir='ltr'>etiam</span> <span class='ocrx_word' id='word_1_144' title='bbox 893 2142 1103 2217; x_wconf 82' lang='lat' dir='ltr'>ambientium</span> 
     </span>
     <span class='ocr_line' id='line_1_22' title="bbox 113 2233 1103 2335; baseline 0.007 -29"><span class='ocrx_word' id='word_1_145' title='bbox 113 2253 220 2306; x_wconf 80' lang='lat' dir='ltr'>motus</span> <span class='ocrx_word' id='word_1_146' title='bbox 240 2258 344 2315; x_wconf 80' lang='lat' dir='ltr'>veros,</span> <span class='ocrx_word' id='word_1_147' title='bbox 369 2240 405 2306; x_wconf 75' lang='lat' dir='ltr'>de</span> <span class='ocrx_word' id='word_1_148' title='bbox 419 2233 537 2307; x_wconf 85' lang='lat' dir='ltr'>sublata</span> <span class='ocrx_word' id='word_1_149' title='bbox 551 2236 604 2308; x_wconf 90' lang='lat' dir='ltr'>illa</span> <span class='ocrx_word' id='word_1_150' title='bbox 615 2236 814 2309; x_wconf 86' lang='lat' dir='ltr'>translatione</span> <span class='ocrx_word' id='word_1_151' title='bbox 833 2260 895 2309; x_wconf 91' lang='lat' dir='ltr'>non</span> <span class='ocrx_word' id='word_1_152' title='bbox 909 2262 985 2312; x_wconf 88' lang='lat' dir='ltr'>vere</span> <span class='ocrx_word' id='word_1_153' title='bbox 995 2238 1103 2335; x_wconf 81' lang='lat' dir='ltr'>quies·</span> 
     </span>
     <span class='ocr_line' id='line_1_23' title="bbox 111 2328 1099 2432; baseline 0.007 -30"><span class='ocrx_word' id='word_1_154' title='bbox 111 2344 199 2411; x_wconf 84' lang='lat' dir='ltr'>cent,</span> <span class='ocrx_word' id='word_1_155' title='bbox 222 2328 275 2404; x_wconf 66' lang='lat' dir='ltr'>kd</span> <span class='ocrx_word' id='word_1_156' title='bbox 285 2351 436 2426; x_wconf 87' lang='lat' dir='ltr'>tanquam</span> <span class='ocrx_word' id='word_1_157' title='bbox 448 2331 640 2426; x_wconf 85' lang='lat' dir='ltr'>quie-scentia</span> <span class='ocrx_word' id='word_1_158' title='bbox 647 2330 851 2406; x_wconf 88' lang='lat' dir='ltr'>solummodo</span> <span class='ocrx_word' id='word_1_159' title='bbox 864 2335 1099 2432; x_wconf 73' lang='lat' dir='ltr'>speeabuntur.</span> 
     </span>
     <span class='ocr_line' id='line_1_24' title="bbox 114 2427 1100 2529; baseline 0.007 -30"><span class='ocrx_word' id='word_1_160' title='bbox 114 2430 194 2500; x_wconf 87' lang='lat' dir='ltr'>Sunt</span> <span class='ocrx_word' id='word_1_161' title='bbox 205 2429 291 2500; x_wconf 89' lang='lat' dir='ltr'>enim</span> <span class='ocrx_word' id='word_1_162' title='bbox 305 2427 655 2510; x_wconf 87' lang='lat' dir='ltr'>ambientiaadinelusa‚</span> <span class='ocrx_word' id='word_1_163' title='bbox 671 2452 710 2503; x_wconf 94' lang='lat' dir='ltr'>ut</span> <span class='ocrx_word' id='word_1_164' title='bbox 723 2433 823 2504; x_wconf 80' lang='lat' dir='ltr'>totius</span> <span class='ocrx_word' id='word_1_165' title='bbox 836 2454 905 2529; x_wconf 85' lang='lat' dir='ltr'>pars</span> <span class='ocrx_word' id='word_1_166' title='bbox 911 2435 1052 2506; x_wconf 84' lang='lat' dir='ltr'>exterior</span> <span class='ocrx_word' id='word_1_167' title='bbox 1059 2430 1100 2506; x_wconf 88' lang='lat' dir='ltr'>ad</span> 
     </span>
     <span class='ocr_line' id='line_1_25' title="bbox 112 2523 1101 2621; baseline 0.01 -27"><span class='ocrx_word' id='word_1_168' title='bbox 112 2545 236 2621; x_wconf 86' lang='lat' dir='ltr'>partem</span> <span class='ocrx_word' id='word_1_169' title='bbox 256 2523 452 2605; x_wconf 84' lang='lat' dir='ltr'>inferiorem,</span> <span class='ocrx_word' id='word_1_170' title='bbox 484 2526 538 2598; x_wconf 86' lang='lat' dir='ltr'>vel</span> <span class='ocrx_word' id='word_1_171' title='bbox 556 2547 594 2598; x_wconf 93' lang='lat' dir='ltr'>ut</span> <span class='ocrx_word' id='word_1_172' title='bbox 615 2548 727 2600; x_wconf 79' lang='lat' dir='ltr'>cortex</span> <span class='ocrx_word' id='word_1_173' title='bbox 749 2527 789 2601; x_wconf 91' lang='lat' dir='ltr'>ad</span> <span class='ocrx_word' id='word_1_174' title='bbox 810 2531 961 2601; x_wconf 90' lang='lat' dir='ltr'>nucleum</span> <span class='ocrx_word' id='word_1_175' title='bbox 971 2548 987 2602; x_wconf 75' lang='lat' dir='ltr'>a·</span> <span class='ocrx_word' id='word_1_176' title='bbox 1006 2551 1101 2603; x_wconf 86' lang='lat' dir='ltr'>moto</span> 
     </span>
     <span class='ocr_line' id='line_1_26' title="bbox 110 2622 1101 2719; baseline 0.008 -27"><span class='ocrx_word' id='word_1_177' title='bbox 110 2643 219 2694; x_wconf 86' lang='lat' dir='ltr'>autem</span> <span class='ocrx_word' id='word_1_178' title='bbox 234 2623 354 2695; x_wconf 89' lang='lat' dir='ltr'>cortice</span> <span class='ocrx_word' id='word_1_179' title='bbox 368 2625 495 2696; x_wconf 88' lang='lat' dir='ltr'>nucleus</span> <span class='ocrx_word' id='word_1_180' title='bbox 508 2623 605 2695; x_wconf 86' lang='lat' dir='ltr'>etiam</span> <span class='ocrx_word' id='word_1_181' title='bbox 617 2622 733 2719; x_wconf 89' lang='lat' dir='ltr'>absque</span> <span class='ocrx_word' id='word_1_182' title='bbox 746 2624 946 2698; x_wconf 89' lang='lat' dir='ltr'>transsatione</span> <span class='ocrx_word' id='word_1_183' title='bbox 959 2624 1002 2699; x_wconf 88' lang='lat' dir='ltr'>de</span> <span class='ocrx_word' id='word_1_184' title='bbox 1015 2628 1101 2702; x_wconf 82' lang='lat' dir='ltr'>vici-</span> 
     </span>
     <span class='ocr_line' id='line_1_27' title="bbox 110 2720 1098 2818; baseline 0.004 -26"><span class='ocrx_word' id='word_1_185' title='bbox 110 2720 313 2800; x_wconf 82' lang='lat' dir='ltr'>niacorticis,</span> <span class='ocrx_word' id='word_1_186' title='bbox 339 2744 399 2793; x_wconf 89' lang='lat' dir='ltr'>ceu</span> <span class='ocrx_word' id='word_1_187' title='bbox 412 2722 590 2818; x_wconf 68' lang='lat' dir='ltr'>patientius</span> <span class='ocrx_word' id='word_1_188' title='bbox 609 2721 669 2792; x_wconf 76' lang='lat' dir='ltr'>una</span> <span class='ocrx_word' id='word_1_189' title='bbox 689 2744 850 2799; x_wconf 85' lang='lat' dir='ltr'>movetur.</span> <span class='ocrx_word' id='word_1_190' title='bbox 900 2722 1098 2798; x_wconf 69' lang='lat' dir='ltr'>Procedenti</span> 
     </span>
     <span class='ocr_line' id='line_1_28' title="bbox 109 2814 1098 2914; baseline 0.005 -24"><span class='ocrx_word' id='word_1_191' title='bbox 109 2818 293 2914; x_wconf 84' lang='lat' dir='ltr'>proprietati</span> <span class='ocrx_word' id='word_1_192' title='bbox 308 2815 410 2892; x_wconf 82' lang='lat' dir='ltr'>affinia</span> <span class='ocrx_word' id='word_1_193' title='bbox 423 2814 471 2888; x_wconf 81' lang='lat' dir='ltr'>&#39;est</span> <span class='ocrx_word' id='word_1_194' title='bbox 484 2816 576 2911; x_wconf 87' lang='lat' dir='ltr'>quod</span> <span class='ocrx_word' id='word_1_195' title='bbox 585 2820 916 2892; x_wconf 81' lang='lat' dir='ltr'>moto-locotelativo</span> <span class='ocrx_word' id='word_1_196' title='bbox 927 2842 1098 2897; x_wconf 84' lang='lat' dir='ltr'>moveatur</span> 
     </span>
     <span class='ocr_line' id='line_1_29' title="bbox 110 2912 1108 3013; baseline 0.006 -29"><span class='ocrx_word' id='word_1_197' title='bbox 110 2913 172 2984; x_wconf 73' lang='lat' dir='ltr'>una</span> <span class='ocrx_word' id='word_1_198' title='bbox 184 2914 343 2998; x_wconf 83' lang='lat' dir='ltr'>locatum3</span> <span class='ocrx_word' id='word_1_199' title='bbox 370 2914 515 3008; x_wconf 88' lang='lat' dir='ltr'>adeoque</span> <span class='ocrx_word' id='word_1_200' title='bbox 528 2939 641 3013; x_wconf 86' lang='lat' dir='ltr'>corpus</span> <span class='ocrx_word' id='word_1_201' title='bbox 654 2914 747 3010; x_wconf 92' lang='lat' dir='ltr'>quod</span> <span class='ocrx_word' id='word_1_202' title='bbox 768 2912 905 2988; x_wconf 91' lang='lat' dir='ltr'>deloco</span> <span class='ocrx_word' id='word_1_203' title='bbox 919 2938 1012 2990; x_wconf 92' lang='lat' dir='ltr'>moto</span> <span class='ocrx_word' id='word_1_204' title='bbox 1025 2942 1108 2990; x_wconf 86' lang='lat' dir='ltr'>mo-·</span> 
     </span>
     <span class='ocr_line' id='line_1_30' title="bbox 109 3009 1098 3109; baseline 0.005 -28"><span class='ocrx_word' id='word_1_205' title='bbox 109 3024 204 3082; x_wconf 89' lang='lat' dir='ltr'>vetur</span> <span class='ocrx_word' id='word_1_206' title='bbox 224 3012 391 3109; x_wconf 89' lang='lat' dir='ltr'>participat</span> <span class='ocrx_word' id='word_1_207' title='bbox 412 3011 478 3081; x_wconf 92' lang='lat' dir='ltr'>loci</span> <span class='ocrx_word' id='word_1_208' title='bbox 502 3010 549 3082; x_wconf 91' lang='lat' dir='ltr'>sui</span> <span class='ocrx_word' id='word_1_209' title='bbox 575 3033 714 3085; x_wconf 84' lang='lat' dir='ltr'>motum.</span> <span class='ocrx_word' id='word_1_210' title='bbox 766 3014 819 3084; x_wconf 85' lang='lat' dir='ltr'>Sic</span> <span class='ocrx_word' id='word_1_211' title='bbox 842 3009 866 3085; x_wconf 85' lang='lat' dir='ltr'>sr</span> <span class='ocrx_word' id='word_1_212' title='bbox 888 3013 1098 3107; x_wconf 76' lang='lat' dir='ltr'>quia-innati</span> 
     </span>
     <span class='ocr_line' id='line_1_31' title="bbox 108 3103 1099 3205; baseline 0.006 -27"><span class='ocrx_word' id='word_1_213' title='bbox 108 3103 191 3178; x_wconf 91' lang='lat' dir='ltr'>dum</span> <span class='ocrx_word' id='word_1_214' title='bbox 209 3110 287 3181; x_wconf 85' lang='lat' dir='ltr'>velis</span> <span class='ocrx_word' id='word_1_215' title='bbox 300 3105 389 3205; x_wconf 83' lang='lat' dir='ltr'>paffir</span> <span class='ocrx_word' id='word_1_216' title='bbox 403 3107 508 3180; x_wconf 81' lang='lat' dir='ltr'>fertur</span> <span class='ocrx_word' id='word_1_217' title='bbox 524 3105 682 3183; x_wconf 78' lang='lat' dir='ltr'>hue&#39;illuc</span> <span class='ocrx_word' id='word_1_218' title='bbox 696 3108 895 3192; x_wconf 64' lang='lat' dir='ltr'>obambulen‘</span> <span class='ocrx_word' id='word_1_219' title='bbox 918 3130 1026 3184; x_wconf 82' lang='lat' dir='ltr'>motus</span> <span class='ocrx_word' id='word_1_220' title='bbox 1046 3128 1099 3184; x_wconf 89' lang='lat' dir='ltr'>re·</span> 
     </span>
     <span class='ocr_line' id='line_1_32' title="bbox 105 3200 1104 3304; baseline 0.009 -29"><span class='ocrx_word' id='word_1_221' title='bbox 105 3200 217 3302; x_wconf 11' lang='lat' dir='ltr'>*speetu</span> <span class='ocrx_word' id='word_1_222' title='bbox 242 3226 333 3277; x_wconf 81' lang='lat' dir='ltr'>terrae</span> <span class='ocrx_word' id='word_1_223' title='bbox 348 3207 405 3285; x_wconf 66' lang='lat' dir='ltr'>vel,</span> <span class='ocrx_word' id='word_1_224' title='bbox 422 3206 556 3277; x_wconf 85' lang='lat' dir='ltr'>litorum</span> <span class='ocrx_word' id='word_1_225' title='bbox 574 3204 676 3298; x_wconf 80' lang='lat' dir='ltr'>major</span> <span class='ocrx_word' id='word_1_226' title='bbox 696 3205 743 3279; x_wconf 89' lang='lat' dir='ltr'>est</span> <span class='ocrx_word' id='word_1_227' title='bbox 770 3208 822 3281; x_wconf 89' lang='lat' dir='ltr'>vel</span> <span class='ocrx_word' id='word_1_228' title='bbox 832 3208 937 3279; x_wconf 89' lang='lat' dir='ltr'>minor</span> <span class='ocrx_word' id='word_1_229' title='bbox 950 3229 1049 3304; x_wconf 90' lang='lat' dir='ltr'>prout</span> <span class='ocrx_word' id='word_1_230' title='bbox 1063 3209 1104 3284; x_wconf 79' lang='lat' dir='ltr'>iu</span> 
     </span>
     <span class='ocr_line' id='line_1_33' title="bbox 107 3299 1099 3402; baseline 0.004 -30"><span class='ocrx_word' id='word_1_231' title='bbox 107 3299 238 3374; x_wconf 90' lang='lat' dir='ltr'>eandem</span> <span class='ocrx_word' id='word_1_232' title='bbox 253 3323 374 3400; x_wconf 86' lang='lat' dir='ltr'>partem</span> <span class='ocrx_word' id='word_1_233' title='bbox 389 3326 464 3374; x_wconf 91' lang='lat' dir='ltr'>cum</span> <span class='ocrx_word' id='word_1_234' title='bbox 481 3304 554 3375; x_wconf 91' lang='lat' dir='ltr'>navi</span> <span class='ocrx_word' id='word_1_235' title='bbox 567 3305 619 3375; x_wconf 91' lang='lat' dir='ltr'>vel</span> <span class='ocrx_word' id='word_1_236' title='bbox 633 3304 665 3375; x_wconf 89' lang='lat' dir='ltr'>in</span> <span class='ocrx_word' id='word_1_237' title='bbox 681 3325 802 3402; x_wconf 89' lang='lat' dir='ltr'>partem</span> <span class='ocrx_word' id='word_1_238' title='bbox 824 3307 1012 3378; x_wconf 87' lang='lat' dir='ltr'>contrariam</span> <span class='ocrx_word' id='word_1_239' title='bbox 1026 3326 1099 3379; x_wconf 85' lang='lat' dir='ltr'>ten·</span> 
     </span>
     <span class='ocr_line' id='line_1_34' title="bbox 107 3395 1098 3500; baseline 0.005 -31"><span class='ocrx_word' id='word_1_240' title='bbox 107 3395 177 3473; x_wconf 86' lang='lat' dir='ltr'>dir:</span> <span class='ocrx_word' id='word_1_241' title='bbox 213 3401 246 3470; x_wconf 88' lang='lat' dir='ltr'>Si</span> <span class='ocrx_word' id='word_1_242' title='bbox 269 3424 348 3471; x_wconf 90' lang='lat' dir='ltr'>vero</span> <span class='ocrx_word' id='word_1_243' title='bbox 368 3396 514 3473; x_wconf 82' lang='lat' dir='ltr'>confistat</span> <span class='ocrx_word' id='word_1_244' title='bbox 535 3400 568 3472; x_wconf 89' lang='lat' dir='ltr'>in</span> <span class='ocrx_word' id='word_1_245' title='bbox 591 3422 674 3473; x_wconf 88' lang='lat' dir='ltr'>certa</span> <span class='ocrx_word' id='word_1_246' title='bbox 693 3401 781 3480; x_wconf 85' lang='lat' dir='ltr'>navis</span> <span class='ocrx_word' id='word_1_247' title='bbox 801 3423 903 3500; x_wconf 89' lang='lat' dir='ltr'>parte,</span> <span class='ocrx_word' id='word_1_248' title='bbox 928 3401 1098 3500; x_wconf 87' lang='lat' dir='ltr'>participat</span> 
     </span>
     <span class='ocr_line' id='line_1_35' title="bbox 108 3493 1093 3598; baseline 0.003 -32"><span class='ocrx_word' id='word_1_249' title='bbox 108 3516 236 3566; x_wconf 87' lang='lat' dir='ltr'>motum</span> <span class='ocrx_word' id='word_1_250' title='bbox 250 3498 348 3577; x_wconf 82' lang='lat' dir='ltr'>navis,</span> <span class='ocrx_word' id='word_1_251' title='bbox 375 3502 409 3568; x_wconf 89' lang='lat'>&amp;</span> <span class='ocrx_word' id='word_1_252' title='bbox 424 3493 534 3568; x_wconf 88' lang='lat' dir='ltr'>eadem</span> <span class='ocrx_word' id='word_1_253' title='bbox 550 3520 626 3568; x_wconf 90' lang='lat' dir='ltr'>cum</span> <span class='ocrx_word' id='word_1_254' title='bbox 642 3498 678 3568; x_wconf 71' lang='lat' dir='ltr'>el</span> <span class='ocrx_word' id='word_1_255' title='bbox 693 3499 852 3589; x_wconf 85' lang='lat' dir='ltr'>celeritate</span> <span class='ocrx_word' id='word_1_256' title='bbox 866 3495 1093 3598; x_wconf 81' lang='lat' dir='ltr'>progreditur:</span> 
     </span>
     <span class='ocr_line' id='line_1_36' title="bbox 109 3591 1107 3692; baseline 0.011 -30"><span class='ocrx_word' id='word_1_257' title='bbox 109 3593 143 3663; x_wconf 89' lang='lat' dir='ltr'>si</span> <span class='ocrx_word' id='word_1_258' title='bbox 161 3594 192 3663; x_wconf 90' lang='lat' dir='ltr'>in</span> <span class='ocrx_word' id='word_1_259' title='bbox 207 3591 338 3669; x_wconf 90' lang='lat' dir='ltr'>eandem</span> <span class='ocrx_word' id='word_1_260' title='bbox 354 3615 451 3688; x_wconf 88' lang='lat' dir='ltr'>atque</span> <span class='ocrx_word' id='word_1_261' title='bbox 470 3595 556 3666; x_wconf 85' lang='lat' dir='ltr'>navis</span> <span class='ocrx_word' id='word_1_262' title='bbox 574 3612 697 3692; x_wconf 86' lang='lat' dir='ltr'>partem</span> <span class='ocrx_word' id='word_1_263' title='bbox 712 3591 832 3672; x_wconf 80' lang='lat' dir='ltr'>tendat,</span> <span class='ocrx_word' id='word_1_264' title='bbox 856 3594 964 3688; x_wconf 90' lang='lat' dir='ltr'>quoad</span> <span class='ocrx_word' id='word_1_265' title='bbox 978 3598 1107 3674; x_wconf 82' lang='lat' dir='ltr'>terram&#39;</span> 
     </span>
     <span class='ocr_line' id='line_1_37' title="bbox 107 3687 1093 3791; baseline 0.002 -29"><span class='ocrx_word' id='word_1_266' title='bbox 107 3690 241 3768; x_wconf 86' lang='lat' dir='ltr'>celerius</span> <span class='ocrx_word' id='word_1_267' title='bbox 260 3714 359 3784; x_wconf 89' lang='lat' dir='ltr'>quam</span> <span class='ocrx_word' id='word_1_268' title='bbox 381 3693 466 3763; x_wconf 86' lang='lat' dir='ltr'>navis</span> <span class='ocrx_word' id='word_1_269' title='bbox 489 3689 551 3791; x_wconf 87' lang='lat' dir='ltr'>ipsa</span> <span class='ocrx_word' id='word_1_270' title='bbox 571 3691 758 3764; x_wconf 88' lang='lat' dir='ltr'>movebitur</span> <span class='ocrx_word' id='word_1_271' title='bbox 764 3717 777 3774; x_wconf 71' lang='grc' dir='ltr'><em>ς</em></span> <span class='ocrx_word' id='word_1_272' title='bbox 804 3687 875 3762; x_wconf 89' lang='lat' dir='ltr'>fiin</span> <span class='ocrx_word' id='word_1_273' title='bbox 890 3693 1093 3773; x_wconf 87' lang='lat' dir='ltr'>contrariam,</span> 
     </span>
     <span class='ocr_line' id='line_1_38' title="bbox 107 3783 1095 3886; baseline 0.001 -27"><span class='ocrx_word' id='word_1_274' title='bbox 107 3785 264 3879; x_wconf 62' lang='lat' dir='ltr'>tudima,</span> <span class='ocrx_word' id='word_1_275' title='bbox 277 3786 326 3862; x_wconf 85' lang='lat' dir='ltr'>Et</span> <span class='ocrx_word' id='word_1_276' title='bbox 337 3789 380 3860; x_wconf 90' lang='lat' dir='ltr'>ita</span> <span class='ocrx_word' id='word_1_277' title='bbox 394 3785 435 3860; x_wconf 90' lang='lat' dir='ltr'>de</span> <span class='ocrx_word' id='word_1_278' title='bbox 454 3805 549 3861; x_wconf 89' lang='lat' dir='ltr'>motu</span> <span class='ocrx_word' id='word_1_279' title='bbox 572 3788 604 3859; x_wconf 90' lang='lat' dir='ltr'>in</span> <span class='ocrx_word' id='word_1_280' title='bbox 624 3787 687 3886; x_wconf 84' lang='lat' dir='ltr'>ipsa</span> <span class='ocrx_word' id='word_1_281' title='bbox 709 3808 802 3869; x_wconf 84' lang='lat' dir='ltr'>terta,</span> <span class='ocrx_word' id='word_1_282' title='bbox 828 3783 948 3858; x_wconf 84' lang='lat' dir='ltr'>srterra</span> <span class='ocrx_word' id='word_1_283' title='bbox 962 3800 1095 3863; x_wconf 84' lang='lat' dir='ltr'>movea-</span> 
     </span>
     <span class='ocr_line' id='line_1_39' title="bbox 1027 3903 1095 3966; baseline 0 -11"><span class='ocrx_word' id='word_1_284' title='bbox 1027 3903 1095 3966; x_wconf 60' lang='lat' dir='ltr'>tus,</span> 
     </span>
    </p>
   </div>
   <div class='ocr_carea' id='block_1_5' title="bbox 0 0 1224 4328">
    <p class='ocr_par' dir='ltr' id='par_1_7' title="bbox 0 0 1224 4328">
     <span class='ocr_line' id='line_1_40' title="bbox 0 0 1224 4328; baseline 0 5"><span class='ocrx_word' id='word_1_285' title='bbox 0 0 1224 4328; x_wconf 95' lang='lat' dir='ltr'> </span> 
     </span>
    </p>
   </div>
  </div>
 </body>
</html>
