2408 4304
173 246 177 255 ’
551 290 630 359 ru.¹

176 481 294 578 Clipses
311 478 483 573 antiquitus
496 475 674 560 observatas,
698 477 920 576 Zyzygiasque
933 475 1084 550 Lumim-

202 583 283 651 rium
304 577 467 654 tradituro,
497 572 659 648 earundem
679 573 858 648 traditarum
878 573 964 646 Usus
990 596 1083 668 atque

101 677 324 748 Emolumenta
336 673 437 770 paucis
454 671 601 768 attingere
616 673 773 745 convenit.
820 675 875 743 Ne
892 694 1007 768 magno
1025 694 1082 741 nos

102 794 218 844 conatu
243 796 338 867 nugas
361 792 482 864 magnas
508 790 604 864 agere,
641 787 694 845 aut
721 765 761 839 de
786 770 850 841 lana
875 792 931 838 nos
961 768 1082 856 caprina

101 867 242 946 disserere
266 864 436 941 videamur.
498 868 608 959 Atque
624 863 768 960 equidem
787 863 992 937 Phaenomena
1013 861 1082 935 baec

103 964 322 1045 ustrononrica,
334 965 395 1035 rite
411 962 485 1035 olim
498 961 664 1044 observata,
686 981 778 1055 atque
794 960 832 1033 ad
850 984 976 1033 examen
998 960 1084 1056 post·

102 1060 238 1140 modum
261 1081 397 1133 accurate
413 1082 562 1139 revocata,
591 1079 640 1132 tot
666 1055 840 1130 commodis
864 1077 955 1152 atque
978 1054 1084 1129 ufibus

106 1156 347 1238 Astronomicis‚
369 1154 605 1252 Geographicis,
628 1152 808 1236 Historicis,
831 1151 1085 1250 chronologicis,

106 1256 264 1335 Nautius,
307 1254 413 1334 Sacris,
445 1274 538 1348 atque
558 1249 725 1349 Pmphanis
752 1250 938 1331 inserviunt,
974 1270 1084 1322 utens

103 1375 213 1423 omnes
232 1357 264 1423 δι
281 1347 417 1447 fingulos
436 1372 608 1421 enumerare
620 1351 689 1446 opis
708 1344 820 1422 nostrae
841 1372 906 1418 non
926 1345 977 1418 srt.
1009 1348 1086 1419 Hu-

105 1445 242 1544 iusmodi
264 1471 339 1519 vero
365 1447 423 1542 qui
442 1446 575 1518 maxime
597 1445 667 1518 sunt
690 1465 800 1517 notatu
825 1442 926 1540 digni,
965 1441 1085 1536 quique

102 1546 263 1620 mernoriae
293 1564 461 1619 occurrunt
503 1541 646 1615 facillime
676 1542 710 1614 in
741 1539 880 1612 medium
915 1536 1086 1611 afferemus.

109 1647 128 1726 (
141 1641 206 1730 ιθ)
232 1647 285 1713 Ex
300 1641 413 1713 horum
421 1637 700 1713 Phaenomenorum
716 1633 958 1711 consideratione
969 1654 1086 1719 certum

102 1759 198 1833 atque
218 1737 352 1813 stabilem
371 1759 485 1810 naturae
504 1737 648 1819 cursum3
680 1733 755 1808 fixas
777 1740 970 1830 &perennes
991 1729 1086 1803 astro·

104 1861 176 1909 rum
197 1837 273 1930 leges
280 1862 291 1917 3
328 1833 428 1907 firmus
451 1855 543 1929 atque
563 1834 718 1905 invariatas
732 1852 907 1929 temporum
926 1852 1019 1924 atque
1039 1827 1085 1903 se·

106 1936 251 2004 culorum
273 1929 515 2011 viciffitudines3
555 1929 694 2003 constans
716 1928 842 2004 demum
871 1928 1023 2001 Potentiae
1048 1931 1084 1998 δι

109 2029 276 2108 Bonitatis,
298 2033 331 2097 δι
345 2028 501 2122 Sapientia
516 2028 643 2103 Divinae
664 2030 856 2107 exercitium,
878 2027 956 2124 quin
969 2031 1003 2096 &
1017 2048 1084 2120 pet·

108 2147 233 2221 petuam
256 2125 319 2193 Dei
346 2126 378 2194 in
398 2130 555 2197 creaturas
576 2151 678 2200 curam
697 2131 730 2196 &
753 2123 979 2223 providentiam
997 2120 1084 2195 facite

111 2219 334 2316 dignoscimus.
381 2223 754 2296 HincMotumSolarem
767 2242 966 2320 apparentem,
989 2242 1084 2314 quem

112 2319 234 2389 Telluri
253 2317 361 2388 rectius
374 2315 560 2394 ascribemus,
583 2317 782 2395 constantem,
806 2341 880 2415 pene
898 2319 1084 2398 circularem,

111 2437 188 2511 pene
204 2414 393 2508 aequabilem,
416 2413 525 2486 eodem
537 2417 609 2488 anni
624 2418 756 2489 circuitu
766 2437 976 2495 revertentem,
997 2413 1085 2506 juxta

108 2509 227 2588 endem
246 2510 349 2591 Veris,
369 2509 510 2592 AEstatis,
533 2516 701 2594 Autrunni,
732 2520 766 2585 &
780 2515 919 2610 Hyemis
934 2514 1014 2583 vices
1031 2535 1084 2609 per

106 2607 242 2704 ¹duplum
260 2611 363 2680 bitem
385 2609 579 2701 millenarium
603 2632 819 2694 recurrentem,
852 2610 964 2705 absque
984 2607 1082 2692 hiatu,

105 2707 222 2800 absque
242 2730 331 2778 mora
354 2704 528 2801 interposite
553 2713 805 2806 contemplamur.
860 2709 950 2779 Hinc
973 2731 1082 2805 mgna

108 2799 176 2875 haec
189 2801 357 2876 luminaria,
384 2804 457 2874 Deo
471 2806 586 2876 O.M·
608 2807 763 2879 conditori
775 2805 834 2879 suo
850 2801 1019 2877 diutiffime
1028 2807 1081 2876 in·

110 2897 250 2982 serviiffe,
267 2907 303 2970 &
321 2901 355 2976 in
370 2901 469 2973 euro
484 2902 614 2997 expanso
625 2913 700 2974 inter
714 2907 807 2974 baeem
817 2910 856 2984 ό*
872 2901 1009 2984 ambros,
1022 2903 1082 2975 in·

111 2996 253 3066 terdena
269 3005 306 3078 <b
326 2997 434 3064 notem
452 2996 632 3081 distinxiffe
662 3008 695 3072 &
713 2999 803 3073 fniffe
821 3009 852 3068 in
866 3004 960 3088 stara,
990 3007 1027 3082 ti*
1047 3008 1080 3071 r'n

109 3092 286 3186 tmpcssates,
308 3091 348 3169 (5
364 3103 394 3160 in
410 3093 479 3183 dus,
501 3105 539 3178 (b
553 3107 585 3168 in
598 3124 692 3179 annos,
720 3107 758 3181 &-
771 3100 863 3169 lucem
880 3122 956 3194 ¹uper
970 3084 1079 3171 term

111 3188 251 3281 aetalffe,
271 3197 427 3261 {ammte
447 3199 544 3290 majus
562 3192 629 3276 diei,
663 3203 757 3267 minus
768 3196 847 3265 noete
861 3196 1000 3293 postest
1033 3196 1078 3273 se,

112 3285 252 3355 cundum
272 3287 440 3380 primariam
458 3292 572 3363 summi
586 3297 623 3363 O
646 3293 725 3365 ificis
741 3299 867 3389 Legem,
897 3292 1077 3392 coliigimue.

109 3381 201 3491 Hinc
221 3403 333 3453 nature
347 3384 436 3491 uitet,
458 3392 544 3461 nullo
559 3414 592 3464 m
636 3417 657 3461 o
676 3415 728 3489 per
744 3391 909 3465 {urniorum
921 3394 1011 3490 spatia
1026 3392 1079 3481 di·

110 3499 256 3558 minutas,
294 3480 418 3572 Derque
448 3487 616 3582 potentiam
650 3490 713 3585 pari
742 3512 813 3563 cana
834 3513 947 3571 v,ornnes
977 3512 1078 3564 aetaoes

106 3572 272 3666 fouentem·
303 3595 393 3670 atque
423 3580 635 3754 sustentangn‘p
667 3584 753 3687 quafi
791 3608 890 3674 comm
912 3589 1080 3776 pmgmpsf

658 3707 677 3757 ι
942 3709 959 3756 2
1059 3713 1080 3760 x
