2438 4328
173 198 241 282 25⁶
432 176 871 258 praetermittas

217 320 321 413 Qrod
332 344 408 391 vera
423 316 464 390 stt
474 318 650 415 propofitio
666 324 696 392 in
711 325 785 393 loco
802 348 918 402 vacuo,
939 324 996 395 ubi
1016 326 1108 396 nulla
1121 311 1168 397 est

166 419 267 493 medii
291 415 476 500 refistentia,
509 418 587 487 olim
615 416 912 492 demonstravimus.
962 420 1060 493 Etsi
1086 421 1165 494 resi-⁶

168 517 279 591 stentia
301 515 340 588 fit
353 537 389 586 ut
401 515 565 594 velocitas,
592 512 656 584 sive
678 538 714 586 ut
733 544 823 588 arcus
838 518 959 612 ubique
976 519 1163 592 describo-1

166 614 241 698 dus,
265 617 416 686 velocitas
433 612 553 703 reliqua
572 614 633 682 crit
646 637 778 706 quoque
797 618 828 685 in
843 614 954 686 eadem
967 619 1117 688 ratione:
1130 625 1164 688 δε

166 712 300 811 proinde
320 705 481 781 oscillandi
502 728 627 803 tempus
647 714 809 803 aqualiter
827 711 1040 785 retardabitur
1060 717 1166 786 atriu-³

165 835 244 904 quc,
270 817 304 879 δε
327 808 534 878 oscillationes
556 810 730 879 etiamnum
752 809 921 881 manebunt
941 813 1023 881 inter
1047 810 1094 891 se,
1126 834 1163 884 ut

167 911 265 1005 prius,
292 902 484 975 Isocbronae.
533 910 691 1003 QJAE.

220 1007 322 1074 Coroll.
337 1001 452 1073 Media
458 1001 565 1092 itaque
573 999 743 1072 resistentia
754 1021 879 1100 tempus
886 1004 1053 1076 oscillandi
1064 1006 1166 1094 majus

167 1103 336 1192 requirunt
353 1123 449 1191 quam
468 1119 610 1169 vacuum
634 1097 794 1195 spatium:
823 1107 856 1170 &
877 1097 1049 1199 horologia
1067 1102 1162 1174 oscil-

169 1199 280 1268 latoria
309 1199 404 1268 citius
422 1196 652 1288 aliquantulum
673 1197 866 1268 vibrationes
884 1197 949 1270 suas
972 1201 1107 1292 aequales
1125 1203 1167 1271 iu

169 1317 276 1366 vacuo
294 1319 396 1387 quam
412 1295 444 1364 in
459 1317 524 1363 aere
539 1315 706 1389 peragunt,
731 1294 941 1366 consentiente
952 1298 1161 1392 experientia·

170 1388 361 1465 Resistentia
377 1393 461 1461 enirn
483 1389 586 1461 aufert
611 1392 790 1462 nonnullam
819 1394 982 1485 gravitatis
1011 1396 1165 1466 motricis

170 1510 312 1585 partem;
341 1496 376 1587 ὃς
394 1487 526 1585 proinde
545 1485 699 1558 effectum
717 1488 783 1579 ejus
805 1486 871 1559 five
883 1512 991 1562 motus
1004 1491 1168 1564 velo'cita⁴

171 1608 237 1658 teni
253 1584 452 1658 sufflaminat.

379 1717 383 1728 Ι

246 1746 336 1812 Nou.
355 1761 409 1832 25.
442 1749 541 1833 1706.

599 2228 727 2294 XXIX.

174 2375 286 2450 LXII.
386 2381 518 2447 Onno
531 2395 664 2448 ntssus
691 2378 839 2467 inaquali
853 2373 1023 2473 velocitate
1041 2378 1076 2448 in
1097 2377 1165 2449 Hu'⁴

403 2471 460 2544 ido
474 2471 676 2546 subtiliffimo
687 2475 783 2545 motis
797 2473 951 2547 refistitur
964 2474 984 2544 a
997 2471 1104 2544 fludio
1125 2477 1160 2545 in

172 2568 333 2668 duplicata
352 2573 530 2644 velocitatis
544 2574 676 2644 ratione.

218 2674 308 2741 Cum
323 2671 407 2740 enim
426 2675 554 2767 Corpus
569 2670 712 2741 velocius
731 2691 856 2741 motum
876 2676 909 2739 ὅ(
931 2667 1044 2758 majori
1058 2663 1162 2739 medii

171 2768 341 2860 quantitati
358 2768 391 2837 in
411 2769 531 2837 ratione
555 2767 742 2840 velocitatis,
769 2774 803 2836 &
823 2768 942 2858 cuique
956 2763 1059 2836 me'dii
1078 2768 1163 2860 parti

170 2867 296 2956 aquali,
321 2889 397 2934 cum
411 2865 534 2958 impetu
547 2863 661 2952 majori
677 2864 708 2932 in
721 2861 831 2935 eadem
843 2863 1022 2935 velocitatis
1037 2862 1162 2932 ratione

171 2982 336 3037 occurrat,
367 2955 538 3029 refistentia
563 2980 630 3030 tota
650 2984 691 3028 ex
713 2959 801 3031 causa
826 2983 961 3053 utraque
988 2957 1162 3049 conjuncta

170 3054 304 3126 oriunda
320 3049 487 3125 necessario
500 3056 561 3125 erit
574 3057 605 3126 in
619 3055 760 3144 eiusdem
772 3059 949 3130 velocitatis
959 3057 1079 3127 ratione
1093 3053 1160 3125 du·

169 3153 293 3250 plicata.
351 3152 419 3222 Cui
446 3149 581 3245 quidem
608 3155 722 3224 rationi
746 3152 916 3250 duplicatae
945 3153 1161 3249 experimenta

169 3274 232 3320 non
248 3248 326 3320 male
347 3249 554 3322 consentiunt.
586 3253 680 3321 Licet
693 3253 830 3344 partium
848 3254 879 3321 in
893 3275 961 3321 aere
975 3247 1160 3321 cedentium

169 3347 360 3419 lubricitatis
379 3344 525 3418 defectus
549 3349 588 3418 ab
609 3344 791 3418 elasticitate
811 3370 917 3440 ortus,
949 3355 983 3417 &
1010 3348 1161 3419 nonnulla

147 3522 150 3540 fl
168 3444 383 3542 plurimorum
398 3443 576 3515 fluidorum
591 3446 729 3538 partium
747 3441 885 3515 cohaefio
899 3442 989 3517 istam
1001 3445 1158 3516 rationein

169 3545 402 3634 aliquantulum
418 3541 544 3613 turbare
561 3535 706 3614 debeant.
1045 3551 1047 3554 ’

221 3643 319 3709 Coroll.
333 3650 405 3735 (1.)
435 3644 522 3713 Cum
541 3635 648 3732 itaque
666 3665 835 3721 cornorum
848 3631 924 3710 fune
941 3627 1157 3734 pendulorun't

60 3779 63 3786 ·
167 3737 206 3808 viu
224 3735 401 3833 Cycloide,
425 3736 483 3831 ubi
500 3735 669 3808 resistentia
685 3736 759 3807 essct
772 3739 804 3807 in
825 3733 969 3831 {implicil
981 3738 1160 3808 velocitatis

172 3837 291 3914 ratione
315 3833 520 3906 oscillationes
546 3830 642 3942 efferat
662 3832 856 3937 Isochronae,
887 3829 1078 3935 Refistentia
1103 3859 1161 3904 aua

1004 3988 1008 3998 ·
1096 3951 1168 4008 Rem*
