2438 4328
62 40 208 155 π,

243 168 927 258 sHsSJco-MATHEMATJM.
1025 190 1090 281 241·

107 332 309 417 quecunque
327 315 437 400 eadem
449 317 485 388 vi
502 314 644 408 undique
662 335 861 411 premuntur.
912 324 1015 389 Partes
1029 322 1094 419 igis

109 442 164 490 tur
182 416 255 489 duae
275 416 397 510 quaevis
415 408 575 510 sphaericae
589 436 652 483 non
671 415 831 511 contigua
847 411 957 486 eadem
969 417 1004 486 vi
1021 438 1093 512 pre-⁴
1126 496 1128 500 μ

111 535 252 594 mumur,
274 515 351 608 quia
373 516 441 609 pars'
463 508 613 607 sphaeriea
635 509 821 583 intermedia
836 516 961 609 tangere
987 511 1093 610 potest?

110 625 290 705 utramquee
337 612 523 709 QEDn
562 684 586 696 Γ
622 686 624 690 ⁴
707 683 718 699 s,
930 685 934 692 ¹
968 637 969 642 ’

135 761 138 768 .
159 713 222 784 C‘n
233 733 259 778 sa
273 713 341 803 (4.)
371 711 493 778 Omnes
509 700 603 775 fluidi
615 698 746 795 hujusce
759 706 861 802 partes
869 702 1012 799 undique
1025 726 1097 802 pre-¹

110 827 242 890 muntru
253 803 426 898 aequaliter.
453 806 541 874 Nam
548 800 648 896 partes
655 800 729 873 duae
742 804 864 894 qua-vis
872 805 958 899 tangi
965 801 1092 899 possunt

109 904 129 974 a
154 903 295 1000 partibus
318 899 338 970 s
352 898 476 970 haericis
499 898 530 969 in
549 898 674 993 pundis
692 898 955 994 quibuscunque:
988 908 1022 971 &
1049 901 1099 973 ibi

112 1021 213 1096 partes
234 1001 297 1071 illas
318 924 478 1093 sphaericae
490 995 655 1087 aequaliter
669 1017 828 1091 premunt,
842 1018 898 1091 per
914 995 1018 1068 casum
1030 1019 1096 1071 ter·

110 1099 219 1168 tium:
253 1102 287 1167 δι
305 1114 433 1192 propter
446 1093 637 1164 readionem
657 1092 775 1165 adioni
800 1093 920 1186 ubique
939 1098 1095 1186 aequalem

113 1191 250 1266 viciffim
267 1191 307 1281 ab
325 1192 385 1262 illis
396 1191 565 1282 ¹aequaliter
577 1211 775 1287 premuntur.
824 1197 870 1286 Q.
879 1196 920 1260 E.
929 1195 976 1262 D.

160 1296 261 1360 Cas.
284 1294 364 1379 (ς.)Ι
381 1290 471 1358 Cum
485 1288 585 1385 igitur
597 1284 693 1360 fluidi
710 1285 841 1377 hujusce
861 1310 929 1382 pars
940 1289 1095 1379 quaelibet'

113 1393 193 1455 GH
194 1394 218 1454 I
237 1380 389 1456 influido
407 1385 531 1478 reliquo
551 1405 700 1477 tanquam
721 1387 753 1456 in
772 1383 842 1455 vase
857 1381 1035 1468 claudatur,
1060 1390 1095 1457 δι’

113 1481 258 1575 undique
269 1501 429 1577 prematur
449 1476 629 1573 aequalitem
645 1503 757 1648 partes
774 1501 880 1552 autem
898 1480 964 1571 ejus
977 1482 1006 1553 se
1019 1510 1095 1581 mu·

111 1601 172 1664 tuo
186 1580 348 1673 aqualiter
365 1598 505 1674 premant
522 1579 729 1671 &quierant
748 1580 828 1649 inter
843 1577 872 1647 se
894 1578 1097 1652 manifestum

111 1674 160 1763 est
174 1674 266 1771 quod
280 1673 375 1766 fluidi
387 1673 605 1766 cujuscunque
631 1673 659 1744 G
666 1680 732 1743 HI
750 1674 842 1766 quod
863 1671 1005 1766 undique
1026 1700 1098 1773 pre-¹

112 1773 213 1844 mitur
232 1773 394 1869 aequaliter
410 1793 510 1868 partes
528 1795 636 1842 omnes
650 1769 679 1840 se
695 1776 812 1868 mutuo
826 1791 973 1867 premunt
989 1780 1099 1864 aequa*

111 1871 195 1951 liter,
221 1869 437 1963 &quiescunt
455 1870 537 1954 inter
548 1868 592 1960 sea
616 1952 618 1955 v
640 1873 693 1962 ‚Q
701 1874 743 1937 E.
762 1873 801 1942 D.
893 1942 896 1952 ,

138 2051 142 2057 ⁴
162 1972 265 2038 Cas.
278 1966 347 2056 (6.)
376 1968 482 2065 Igitur
498 1959 523 2035 si
539 1963 680 2037 fluidum
695 1958 776 2035 illud
793 1967 822 2036 in
835 1962 904 2035 vase
917 1970 979 2034 non
991 1959 1102 2063 rigido

114 2063 292 2149 claudatur,
323 2061 516 2156 &undique
536 2070 598 2133 non
617 2069 779 2159 prematur
803 2063 976 2153 aqualiter,
1006 2058 1102 2133 cedet

114 2157 201 2229 idem
218 2157 366 2255 preffioni
382 2160 528 2239 fortiori;
555 2183 610 2255 per
624 2157 844 2235 definitionem
861 2156 1041 2232 fluiditatis.

166 2260 196 2322 C
208 2280 230 2323 a
242 2279 269 2326 s.
286 2262 355 2350 (7.)
384 2254 529 2348 Ideoque
547 2257 579 2326 in
596 2255 665 2328 vase
678 2253 785 2354 rigido
800 2252 943 2344 fluidum
959 2280 1023 2328 non
1042 2253 1094 2328 su-

115 2348 243 2422 stinebit
259 2349 443 2446 pressionem
456 2351 625 2437 fortiorem
639 2377 680 2423 ex
693 2377 758 2440 uno
776 2352 870 2424 latere
890 2378 987 2446 quam
1006 2378 1046 2425 ex
1067 2378 1103 2425 aa·

116 2449 186 2518 lio:
222 2447 274 2519 sed
291 2445 396 2519 eidem
420 2446 536 2519 cedet:
571 2446 669 2543 idque
693 2451 723 2519 in
748 2454 912 2521 momento
936 2451 1102 2546 temporis,

115 2547 199 2637 quia·
211 2546 290 2616 latus
309 2541 388 2614 vasis
410 2543 552 2642 rigidum
573 2565 634 2616 no‘n
655 2548 853 2641 persequitur
872 2547 1032 2638 liquorem
1047 2566 1103 2617 ce··

113 2639 269 2734 dentem...
305 2639 462 2712 Cedendo
483 2662 588 2712 autem
601 2642 728 2738 urgebit
742 2644 821 2713 latus
833 2640 1038 2738 oppositum3
1065 2648 1102 2712 δι’

117 2736 161 2809 fic
180 2736 295 2835 pressio
315 2736 459 2832 undique
479 2735 520 2809 a'd
547 2740 759 2832 aequalitatem
783 2746 906 2836 verget.
956 2744 1102 2831 thuo=

116 2837 201 2907 niam
221 2833 360 2931 fluidum
377 2836 629 2931 quamprimum
645 2839 662 2907 a
682 2857 768 2928 parte
788 2837 885 2933 magis
903 2833 1000 2931 pressa
1013 2854 1104 2906 rece-¹

116 2931 189 3003 dere
203 2952 347 3014 conatur,
370 2931 534 3020 inhibetur
555 2944 611 3029 per
634 2927 838 3006 lesrstentiam
864 2931 942 3004 vasis
960 2928 1000 3003 ad
1019 2933 1112 3002 latus'-

116 3025 312 3126 oppositum,
337 3028 509 3119 reducetur
528 3027 643 3125 pressio
660 3028 804 3124 undique
829 3027 869 3101 ad
889 3029 1103 3123 aequalitatem

115 3128 148 3196 in
161 3145 324 3197 momento
342 3129 505 3222 temporis,
531 3126 647 3219 absque
661 3149 756 3200 motu
769 3125 864 3199 locali
874 3153 885 3208 3
914 3133 947 3197 δέ
967 3123 1101 3198 subinde·

118 3244 217 3318 partes
240 3221 335 3296 fluidi
353 3247 408 3320 per
429 3223 535 3296 casum
556 3224 707 3315 quintum
726 3224 886 3296 semutuo
901 3230 1045 3321 prement
1057 3243 1104 3295 aznv

118 3320 264 3410 qualiter,
289 3319 494 3413 &quiescent
507 3321 587 3391 inter
602 3318 641 3390 se.
690 3325 857 3418 Q.E.D.,
1056 3316 1070 3338 ”

128 3501 130 3508 Ι
170 3421 367 3487 corollarium.
400 3407 490 3488 Hinc
512 3438 618 3488 motus
637 3419 776 3514 partium
800 3415 895 3488 fluidi
913 3413 1102 3505 hujusmodi

116 3514 201 3580 inter
214 3510 242 3580 se
261 3537 316 3608 per
334 3512 520 3610 pressionem
542 3512 646 3584 fluido
661 3514 767 3585 ubivis
784 3515 814 3584 in
833 3535 958 3591 externa
971 3512 1022 3596 su,
1046 3512 1106 3584 rii-

120 3611 168 3678 cie
184 3609 299 3678 illata'm
313 3612 429 3704 mutari
443 3626 506 3682 non
521 3609 660 3705 possunt,
684 3606 742 3680 nifi
763 3629 915 3703 quatenus
929 3617 984 3689 aut
998 3537 1104 3707 digana

116 3703 296 3802 superfieiei
307 3706 423 3798 alicubi
434 3725 589 3797 mutatur,
602 3728 657 3778 aut
663 3706 873 3780 omnes'fluidi
886 3729 985 3802 partes
999 3710 1103 3780 intem·

119 3802 182 3874 sius
189 3803 240 3873 vel
255 3798 410 3893 remissius
420 3802 479 3880 sese
494 3801 666 3904 premendo
679 3800 846 3905 difficilius
859 3808 910 3878 v'el
925 3804 1100 3876 saciliutla-⁴

116 3900 238 4000 buntur
250 3901 333 4002 inter
350 3898 395 4004 sea
760 3903 797 3973 le
1001 3900 1104 4004 carol,-
