2438 4328
258 171 943 245 aurorae-MATHEMAUM.
1044 194 1106 272 ¹93

153 304 253 377 ·XL-.·
272 305 305 376 si
320 325 451 402 corpora
465 306 555 402 plura
573 299 686 387 fluida,
711 323 767 387 aut
779 300 911 385 diversa,
942 323 997 375 aut
1017 304 1049 378 in
1069 328 1110 377 u

125 425 202 474 num
228 400 369 484 fluidum
397 402 598 487 coalescentia
624 403 709 472 circa
734 401 892 472 Planetam
921 403 1110 497 primarium

125 503 323 587 moveantur,
348 496 479 597 singulae
501 495 597 570 fluidi
613 518 713 594 partes
729 497 918 570 motussuos
938 495 979 570 ad
1001 500 1106 597 legem

122 597 257 673 satellitis
288 595 467 694 peragendo
496 598 627 693 propius
665 591 816 667 accedent
845 593 885 667 ad
917 597 1108 692 primarium

121 697 243 766 eaeteris
261 693 400 791 paribus,
425 700 459 764 &
480 694 612 765 celerius
630 692 850 764 movebuntur
875 694 908 763 in
926 691 1108 782 conjunctu

119 815 180 862 one
197 797 231 862 δι
248 788 448 889 oppositione
469 790 602 889 ipsarum
619 795 654 859 δι
674 791 833 870 Primarii,
858 813 956 882 quam
972 791 1005 862 in
1022 794 1104 883 qua·

120 885 268 959 draturis»
318 892 365 959 Et
387 887 481 961 Nodi
496 890 602 960 annuli
620 883 727 977 hujus,
751 883 804 959 seu
823 884 1053 974 intersedtione's
1068 911 1105 960 e·

120 983 171 1074 jus
191 1005 267 1057 cum
281 984 436 1082 eclipticae
456 987 548 1083 plano
564 983 726 1079 quiescent
746 984 777 1054 in
796 984 953 1083 syzygiis.
1001 985 1106 1065 Extra

119 1080 140 1150 s
158 1085 269 1180 zygias
285 1108 364 1154 vero
378 1083 596 1155 movebuntur
610 1083 641 1152 in
660 1078 892 1162 antecedentia3
920 1085 955 1150 δι
972 1079 1107 1171 velocis-

121 1107 198 1250 sime
210 1177 344 1271 quidem
361 1182 392 1251 in
410 1178 620 1272 quadraturis,
645 1177 766 1251 tardius
777 1179 842 1249 aliis
856 1177 993 1263 inlotis.
1034 1182 1105 1252 Au·

118 1278 189 1347 nuli
204 1299 336 1368 quoque
354 1277 516 1348 inclinatio
533 1276 708 1349 variabitur
713 1301 725 1358 ;
752 1280 787 1344 δε
808 1276 874 1348 axis
888 1272 956 1365 ejus
976 1271 1106 1374 smgulb

119 1372 375 1444 revolutionibus
399 1372 563 1447 menstruis
581 1372 787 1454 oscillabitur,
812 1373 1034 1470 completaque
1052 1397 1105 1446 re·

122 1467 289 1539 volutione
301 1466 341 1540 ad
352 1467 520 1567 pristinum
535 1468 632 1543 situm
649 1468 786 1542 redibit:
813 1467 871 1541 nisr
884 1490 1039 1564 quatenus
1049 1494 1106 1570 per

119 1562 353 1660 praecessionem
373 1565 548 1640 Nodorum
562 1565 800 1640 circumfertur.
848 1568 933 1638 Haec
947 1569 1052 1639 omnia
1063 1593 1106 1641 ex

119 1685 219 1757 nuper
241 1659 460 1736 demonstratis
476 1664 529 1737 sua
552 1661 642 1757 quasi
661 1664 769 1760 sponte
787 1663 980 1757 sequuntur:
1007 1685 1105 1757 atquo

118 1755 198 1829 adeo
215 1762 366 1856 peculiari
380 1759 642 1834 demonstratione
660 1762 790 1831 minime
802 1758 957 1857 indigent.

166 1860 366 1928 corollarium.
416 1860 505 1930 Hinc
520 1860 641 1930 Annuli
656 1859 794 1930 Satumii
806 1856 1010 1955 phanomena
1022 1879 1102 1930 non·

115 1954 200 2033 nula,
225 1953 325 2026 modo
340 1953 481 2028 fluidum
494 1954 545 2037 fit,
570 1955 663 2027 facile
682 1953 809 2052 possunt
833 1954 980 2052 intelligia
1022 1960 1105 2028 ·Imo

116 2066 206 2128 vero,
232 2049 407 2124 srsolidum
423 2050 474 2133 sit,
494 2047 633 2145 ejusdem
647 2079 723 2125 cum
737 2054 897 2149 Ecliptica
907 2050 1101 2125 intersedio-

117 2169 170 2236 nes
190 2143 255 2237 sive
282 2147 377 2221 Nodi
404 2150 565 2243 quiescent
583 2153 616 2223 in
638 2148 880 2249 syzygiissuis,
913 2149 971 2222 ubi
986 2174 1100 2252 nempe

119 2241 174 2310 Sol
189 2242 221 2312 in
236 2243 302 2337 ipso
317 2247 420 2316 annuli
438 2249 530 2342 plano
544 2272 633 2340 aque
647 2274 682 2318 ac
695 2251 726 2319 in
737 2249 894 2343 eclipticae
906 2245 1000 2345 plano
1010 2271 1101 2347 repe·

116 2339 210 2408 ritur.
260 2343 362 2410 Extra
376 2341 522 2440 syzygias
540 2365 647 2417 autem
663 2344 902 2442 regredientur:
930 2347 1100 2418 &celerri·
1125 2346 1129 2355 '

113 2459 167 2511 ,me
180 2432 312 2528 quidem
326 2438 358 2508 in
367 2439 578 2530 quadraturis,
602 2438 722 2512 tardius
734 2443 801 2513 aliis
813 2443 844 2512 in
857 2442 946 2513 locis.
973 2445 1099 2516 Annuli

115 2555 247 2626 quoque
260 2535 422 2606 inclinatio
435 2538 620 2618 variabitur,
645 2545 679 2609 δε
702 2539 768 2608 axis
788 2537 854 2627 ejtts
869 2534 998 2633 fingulis
1013 2541 1097 2611 circa

116 2631 223 2701 Solem
238 2625 493 2706 revolutionibus
506 2628 647 2706 nutando
666 2634 715 2704 bis
733 2631 935 2705 inclinabitur
951 2636 986 2704 ln
998 2636 1097 2731 eclip-

113 2728 221 2807 ticam,
248 2728 282 2798 δι
299 2727 347 2801 bis
361 2728 479 2823 redibit
496 2720 536 2804 ad
552 2720 741 2828 positionem
760 2730 912 2826 priorem,
936 2714 995 2802 nili
1016 2743 1097 2823 qua*

112 2843 201 2895 tenus
216 2848 271 2920 per
286 2816 518 2922 praeceffionem
533 2826 693 2901 nodorum
707 2818 945 2899 circumfertur.
996 2830 1100 2903 Utetl
1123 2866 1126 2872 ·

110 2941 179 2992 ante
192 2914 344 2994 didisell
356 2924 594 3020 apertissimum·
840 3001 845 3016 ,

160 3021 255 3091 XLI.
283 3022 315 3109 Si
331 3010 516 3094 fluidumin
540 3025 630 3095 alveo
656 3047 711 3121 per
733 3015 932 3120 superficiem
955 3009 1099 3116 cujusvis

114 3109 248 3186 Planeta
263 3113 328 3189 five
340 3107 481 3215 primarii
493 3109 559 3192 sive
577 3102 751 3194 secundarii
765 3124 919 3211 excavato
936 3121 1097 3195 continea-

73 3281 77 3286 ,
112 3232 179 3292 tur,
204 3220 237 3284 ὃ(
250 3229 309 3286 una
322 3240 398 3306 curn
412 3212 533 3315 planeta
547 3211 704 3302 suomotu
716 3216 882 3314 periodico
895 3214 1012 3291 diurno
1024 3208 1096 3290 uni·

113 3302 257 3381 formiter
273 3307 480 3396 revolvatura
507 3325 605 3409 partes
619 3312 748 3412 fingulae
760 3313 857 3411 hujus
870 3312 966 3387 fluidi
973 3338 1029 3412 per
1041 3315 1093 3387 vi-

113 3402 353 3513 ces-acceleratae
371 3408 578 3500 &retardatae
598 3414 630 3503 in
650 3411 793 3510 syzygiis
806 3413 879 3492 suis,
905 3402 1094 3504 siveinme·

110 3497 192 3571 rrdre
208 3509 241 3572 &
256 3505 360 3578 media
373 3510 478 3587 node,
504 3510 679 3580 velociores
690 3531 805 3591 erunt3
831 3511 863 3580 in
881 3503 1093 3604 quadraturis,

113 3584 180 3667 sive
188 3593 264 3670 hora
275 3601 357 3674 sexta
369 3607 522 3679 matutina
534 3607 567 3678 &
579 3604 763 3700 vespertina,
770 3605 922 3689 tardiores
933 3632 1030 3702 quam
1041 3600 1094 3697 su·¹

108 3692 254 3790 perficies
270 3696 360 3792 globi
379 3704 546 3800 contigua:
574 3709 608 3773 &
629 3700 672 3772 src
693 3700 773 3774 fluet
788 3705 820 3773 in
835 3705 937 3786 alveo,
961 3698 1093 3778 refluet·

107 3815 172 3887 que
189 3815 245 3892 per
263 3795 348 3867 vices
363 3820 527 3897 perpetuo.
546 3872 549 3877 ,
578 3799 633 3873 Ab
650 3799 833 3895 inaequabili
846 3796 931 3896 enim
950 3804 1030 3879 Solis
1042 3818 1091 3888 atq·

329 3900 332 3905 ’
662 3897 698 3970 O
792 3961 799 3983 χ
981 3896 1093 3972 tradi·
