2438 4328
176 203 216 276 50
308 230 313 239 .
426 166 859 243 rraenrcrrorrrs

218 311 310 392 (16.)
338 301 478 390 Qroties
495 297 565 371 duo
580 322 713 396 corpora
733 300 873 399 perfecie
888 288 1011 373 elastica
1031 301 1165 375 interse

167 399 375 478 colliduntur,
401 395 512 469 eadem
536 394 582 466 est
610 416 728 468 mutuo
757 399 899 496 respeslu
919 397 1167 472 discedentibus

168 502 307 574 celeritas
323 520 399 590 quae
418 495 484 565 suit
506 496 847 591 appropinquantibus:
876 499 950 568 Sive
971 497 1078 569 verbis
1094 500 1169 569 aliis

164 597 250 670 sensu
268 592 397 670 eodem,
422 590 531 661 eadem
545 590 591 661 est
604 595 768 686 utriusque
780 597 926 674 velocitas,
941 592 1165 688 nonabfiluta,

158 694 219 767 ·sed
235 690 347 764 eadem
365 690 499 758 velocitas
511 685 693 760 discedendi
706 691 862 787 respeslioa
873 715 946 783 quae
964 690 1029 762 suit
1043 714 1165 788 appro-

165 787 352 890 pinquandi.
403 788 557 856 Continet
568 785 779 881 quidemhac
789 789 840 857 lex
853 791 1050 885 praecipuum
1060 791 1165 860 etiam

164 891 360 979 reliquarum
374 903 525 954 motuum
542 884 650 981 legum
671 883 936 967 fundamentum
965 892 998 956 &
1011 882 1071 957 hac
1090 908 1164 957 me·

167 981 274 1055 thodo
297 978 574 1052 demonstrabitur.
625 984 678 1050 De
705 982 878 1075 aequalibus
906 983 1096 1081 corporibus
1120 984 1160 1054 li·

163 1102 249 1176 quet
273 1076 473 1176 proposrtum
500 1100 540 1147 ex
569 1080 638 1175 lege
664 1083 846 1173 penultima,
872 1079 998 1169 jamjam
1021 1078 1161 1150 demon·

169 1177 285 1251 strata:
310 1197 436 1247 manent
457 1177 541 1246 enim
560 1200 600 1245 eo
620 1177 651 1244 in
665 1174 735 1246 casu
754 1176 824 1270 ipsa:
840 1179 1011 1248 celeritates
1023 1201 1109 1246 verae
1124 1184 1160 1248 δι

169 1276 332 1354 absolutae,
397 1274 540 1344 rmutatis
569 1293 692 1342 tanturn
723 1273 866 1354 sedibus;
899 1295 994 1367 atque
1020 1272 1102 1344 adeo
1121 1295 1159 1346 ut

169 1373 310 1446 celeritas
321 1369 358 1441 di
371 1367 505 1441 cedendi
516 1368 687 1466 respectiva
702 1370 811 1442 eadem
826 1369 865 1441 srt
877 1395 951 1463 quae
964 1371 1029 1443 suit
1043 1394 1159 1469 appro-

161 1466 346 1568 pinquandi
366 1466 413 1537 est
433 1463 604 1537 necessum.
654 1470 708 1537 De
730 1469 935 1562 inaequalibus
953 1493 999 1540 res
1017 1464 1061 1539 fic
1077 1493 1158 1540 con·

170 1568 310 1641 ficietur.
361 1565 394 1635 si
413 1587 527 1660 corpus
549 1563 650 1654 majus
665 1562 843 1659 alloquatur
857 1568 971 1645 minus,
987 1585 1041 1638 aut
1051 1560 1159 1658 quies·

170 1690 254 1746 cens,
279 1682 335 1740 aut
349 1662 455 1732 saltem
467 1659 586 1733 tardius
598 1683 735 1742 motum,
761 1665 1012 1735 communicabit
1022 1661 1160 1756 quidem

164 1762 212 1835 .de
228 1764 323 1836 motu
342 1758 399 1830 suo
420 1761 547 1856 corpori
568 1758 752 1852 quiescenti,
778 1763 830 1832 vel
854 1760 982 1832 tardiori
989 1789 999 1844 ;
1026 1759 1160 1857 sepositi

161 1863 264 1932 etiam
287 1859 405 1930 elaterii
430 1855 701 1940 consideratione3
734 1883 791 1929 nec
811 1880 915 1930 tamen
932 1857 1096 1952 quiescet:
1126 1865 1160 1928 &

170 1958 253 2029 dum
277 1959 359 2027 inter
387 1953 691 2027 communicandum
719 1980 780 2027 una
808 1982 883 2028 cum
905 1955 1083 2049 quiescente
1107 1959 1162 2028 vel

172 2052 304 2126 tardiori
331 2069 442 2145 perget
458 2074 521 2120 non
539 2048 668 2122 cessabit
684 2057 718 2122 δι
737 2054 874 2149 impulsu
891 2051 1026 2133 direRo,
1053 2060 1086 2123 &
1108 2078 1161 2124 re·

172 2151 297 2221 actione
316 2145 440 2218 elastica
454 2147 615 2240 quiescens
635 2151 687 2218 vel
707 2149 827 2223 tardius
848 2150 929 2222 illud
942 2175 1055 2248 corpus
1068 2174 1162 2222 acce·

171 2248 280 2322 leram,
306 2243 409 2315 donec
430 2241 539 2315 eadem
563 2248 732 2317 velocitate
757 2274 773 2317 a
799 2248 828 2318 se
848 2247 975 2320 recedat
993 2274 1057 2342 qua
1073 2252 1162 2341 prius

64 2413 69 2421 ,
162 2346 279 2417 :motui
295 2344 352 2415 suo
370 2338 547 2421 obstiterat,
573 2346 784 2416 &elaterium
805 2345 897 2417 suum
915 2341 1158 2442 compresserat:

163 2441 236 2514 ·hoc
250 2439 308 2520 est,
331 2465 395 2532 qua
416 2439 517 2534 ipsum
529 2437 570 2510 ad
587 2442 719 2513 alterum
736 2446 1009 2540 appropinquarat.
1061 2446 1161 2515 Hanc

171 2544 240 2611 sane
259 2541 451 2610 celeritatem
471 2561 585 2632 corpus
604 2539 704 2630 majus
722 2541 838 2612 minori
856 2538 1023 2611 necessario
1045 2541 1163 2636 impri-

164 2660 263 2722 ·met;
290 2632 343 2708 sed
354 2631 508 2724 majorem
522 2636 700 2732 imprimere
719 2641 844 2731 nequit,
873 2640 965 2720 (licet
973 2661 1085 2732 corpus
1096 2630 1164 2710 ini·

162 2760 230 2808 ·nus
246 2755 301 2833 per
320 2733 349 2804 se
370 2729 411 2802 sit
428 2731 556 2822 majoris
577 2758 692 2830 capax:
719 2758 815 2828 quam
835 2738 975 2832 primum
989 2737 1073 2806 enim
1086 2761 1163 2806 cor·

168 2858 231 2930 ·pus
249 2831 411 2909 quiescens
428 2831 481 2899 vel
491 2829 611 2901 tardius
619 2852 746 2902 motum
760 2836 936 2904 velocitatis
948 2831 1083 2930 gradum
1096 2834 1162 2904 im·

163 2927 249 3026 :puls
243 2932 279 3002 ui
295 2927 358 2999 five
371 2927 536 2997 velocitati
550 2927 731 3024 respeelivae
753 2932 850 3024 priori
868 2950 976 3025 parem
990 2929 1089 3000 suerit
1107 2932 1162 3001 lu·

175 3022 473 3115 eratum,·effi1giet
492 3022 596 3105 illico:
624 3047 725 3117 neque
745 3026 917 3125 impulsum
940 3030 1089 3119 quemvis
1108 3029 1161 3098 ul·

161 3119 508 3197 ·teriorem·sustinebit
534 3142 589 3192 aut
613 3123 800 3196 morabitur.
854 3128 886 3197 Si
913 3146 1019 3196 autem
1045 3147 1161 3222 corpus

162 3225 279 3293 ·minus
297 3216 473 3311 assequatur
490 3218 602 3309 majus,
627 3241 680 3291 aut
692 3221 864 3314 quiescens,
888 3244 943 3293 aut
957 3221 1075 3293 tardius
1087 3246 1162 3292 mo·

173 3341 257 3399 tum,
283 3316 355 3387 fieri
370 3319 482 3408 nequit
497 3337 533 3386 ut
555 3340 671 3412 corpus
685 3322 786 3390 minus
802 3321 964 3417 integrum
981 3321 1162 3391 velocitatis

165 3418 237 3489 suae
257 3410 418 3485 excessum
431 3412 614 3506 quiescenti
630 3417 683 3486 vel
699 3415 830 3488 tardiori
851 3419 1029 3514 imprimat:
1061 3415 1162 3502 (illud

162 3516 263 3586 enim
273 3538 312 3584 eo
322 3531 447 3588 tantum
460 3510 531 3583 casu
544 3511 583 3582 fit
596 3514 654 3584 ubi
668 3538 799 3610 corpora
815 3512 884 3585 sunt
903 3517 1048 3608 aequalia,
1067 3536 1105 3586 ut
1127 3518 1162 3586 in

161 3613 244 3708 :lege
259 3608 518 3708 .1·3r&·14².jam
538 3608 710 3700 vidimus.)
762 3614 846 3682 Perit
858 3633 963 3684 autem
975 3615 1057 3683 inter
1070 3632 1163 3683 com·

123 3787 125 3792 ,
147 3704 404 3801 ‘'municandum
415 3706 525 3778 moeris
543 3709 713 3781 velocioris
732 3706 885 3788 excessus,
910 3712 1007 3783 etiam
1027 3707 1162 3806 sepostal

176 3808 295 3882 elaterii
317 3804 582 3880 consideratione:
610 3811 656 3878 Et
676 3805 759 3880 dum
777 3830 817 3877 eo
836 3807 929 3903 passo
948 3809 1011 3879 uni
1027 3830 1165 3974 progre-

160 3937 165 3952 =
322 3922 350 3953 ³'
458 3937 460 3941 ’
646 3924 652 3955 ²
1052 3926 1165 3976 :untur
