2408 4304
107 121 183 204 grae
201 112 296 200 reque
317 99 466 198 explicare
482 98 652 197 oportebit,
697 97 885 172 Notandum
903 99 1005 193 itaque
1022 99 1087 176 hoc

108 205 145 274 in
169 200 243 272 loco
266 197 409 270 semitam
424 201 527 270 Lunae
548 196 587 270 ad
616 194 752 270 debitam
780 220 797 267 a
821 201 943 269 Centau
964 201 1087 273 Circuli

105 296 185 371 disci
201 294 389 377 distantidm,
411 301 446 366 dr
462 295 562 368 versus
581 291 718 368 debitam
734 298 851 390 plagam
865 292 1005 373 dudam,
1026 296 1087 372 ho-

103 392 210 489 risque
228 413 328 489 atque
358 389 446 464 horre
471 395 625 489 particulis
648 390 754 464 debite
780 387 940 487 figmatam,
974 391 1086 471 eodem

103 490 226 587 prorsus
244 486 346 561 modo
356 494 458 562 Lunae
476 487 618 562 exhibere
633 492 751 569 locum,
781 486 855 558 dato
872 487 988 583 quovis
1007 515 1086 567 tem·

103 589 191 686 poris
208 607 384 668 momento,
412 611 480 682 quo
493 589 650 682 Ellipsean
662 588 755 680 priua
774 583 980 677 exposrtarum
1004 615 1086 685 pun·

103 687 156 756 dia
182 681 303 756 horatia
326 686 468 756 locorum
492 685 716 778 particularium
733 683 767 753 in
795 684 907 755 telluris
928 684 1088 780 superficie

103 778 202 853 situm
228 778 424 854 exhibebant.
469 782 595 876 Apertit
617 782 720 873 itaque
743 781 852 852 circini
873 784 1013 871 cruribus
1036 809 1087 858 ea·

103 898 203 954 tenus,
226 900 376 974 quatenus
393 879 583 974 percumbrae
601 874 823 948 semidiametro
840 874 983 960 sufficiat,
1011 883 1086 954 altea

103 1000 178 1050 rum
193 999 262 1047 crus
274 998 328 1072 per
347 978 450 1047 Lunae
464 974 599 1046 semitam
616 972 764 1071 gradatim
781 997 1008 1070 promoveatur,
1024 977 1086 1051 do*

104 1095 166 1144 nec
188 1072 317 1144 alterum
335 1070 461 1144 eandem
479 1072 647 1166 utrobique
665 1071 794 1166 attingat
813 1067 919 1142 horam
935 1069 1086 1170 horaeque

104 1167 308 1264 particulam:
330 1167 482 1265 utrobique
501 1170 534 1239 in
558 1192 652 1249 uama
673 1164 735 1239 hoc
754 1165 812 1247 est,
834 1189 896 1238 tam
917 1160 1000 1266 apud
1017 1177 1085 1246 [ιιι

104 1287 156 1336 nat
181 1265 330 1345 semitam,
360 1290 455 1361 quam
477 1194 560 1363 apud
579 1266 661 1338 Loci
685 1261 829 1358 Elripfin.
858 1291 892 1336 v·
906 1292 939 1363 g.
973 1273 1085 1342 attero

104 1383 195 1433 crure
213 1359 253 1431 ad
274 1359 382 1434 horam
397 1386 501 1432 annm
518 1364 552 1434 in
571 1366 670 1434 Luna
690 1360 792 1433 semita
810 1356 924 1455 pofiro,
947 1362 1087 1447 videatur

102 1482 143 1530 an
158 1458 287 1531 alterum
308 1482 382 1532 crua-
393 1457 475 1555 apud
493 1457 624 1557 Ellipsrn
645 1456 738 1555 possit
757 1453 888 1530 similem
909 1455 1016 1533 horam
1034 1483 1086 1532 nra

104 1572 176 1624 narn
190 1577 327 1628 accurate
342 1557 489 1654 attingere
503 1558 516 1627 l
541 1557 630 1651 quod
652 1553 676 1625 fi
690 1556 731 1628 ita
748 1556 876 1630 eveniat,
901 1554 1020 1627 indicio
1041 1557 1088 1630 est

105 1647 248 1748 Eclipsin
260 1652 338 1726 Solis
352 1651 391 1725 ad
410 1655 515 1726 locum
532 1653 565 1723 in
572 1653 700 1726 Tellure
718 1674 771 1749 per
784 1648 916 1749 Ellipsro
930 1649 1017 1726 istam
1031 1677 1087 1728 turu
1160 1686 1163 1694 ·

103 1741 242 1822 hibitum
263 1747 338 1822 lrora
359 1747 415 1822 ista
437 1776 512 1820 nona
529 1748 647 1847 praecil'a
669 1751 814 1845 incipere.
865 1755 1087 1826 Promoveatue

103 1869 174 1918 crus
192 1847 301 1919 circini
316 1844 486 1921 secundum
505 1851 613 1920 Lund'
627 1847 776 1927 semitam,
802 1871 833 1918 v.
849 1865 883 1943 g.
913 1846 951 1917 ad
975 1845 1085 1922 horam

103 1941 326 2024 undecimam
352 1950 398 2024 ἃ,
421 1944 528 2015 circini
542 1965 678 2042 apertura
695 1944 824 2015 minime
842 1964 967 2019 mutata.
994 1966 1084 2018 note-¹

102 2056 156 2110 tur
170 2041 258 2110 locus
271 2041 304 2112 in
314 2033 424 2135 Ellipsr
435 2065 502 2136 quo
517 2044 643 2115 alterum
657 2060 727 2113 crus
745 2041 778 2110 iu
794 2038 903 2134 Ellipsr
916 2044 1082 2140 pertingite

104 2135 235 2206 Sienim·
245 2135 378 2208 eandem·
386 2136 508 2209 ibidem
515 2134 633 2217 horam,
645 2157 766 2233 ‚nempe
780 2135 984 2219 ramam,
1001 2157 1085 2234 quor

103 2255 168 2324 que
181 2253 318 2305 accurate
329 2229 439 2331 signet,
452 2230 568 2305 indicio
578 2231 625 2305 ess·
632 2231 776 2330 Eclipsm·
787 2230 897 2303 codem
912 2236 945 2304 in
958 2237 1029 2306 loco
1045 2232 1086 2308 ad

104 2321 213 2400 horam
239 2327 329 2401 istam-
343 2323 538 2402 undecimam
563 2327 700 2401 desinere
713 2356 727 2399 r·
756 2329 953 2425 proindeque.
967 2329 1006 2401 ad
1025 2330 1086 2403 hoa

102 2448 168 2497 ram
181 2424 339 2498 decimam·
353 2425 570 2498 intermediam·
582 2425 717 2517 ejusdem
734 2425 866 2498 mediam
887 2425 1012 2522 eclipsin
1034 2454 1085 2501 ac·

103 2520 224 2606 cidere,
261 2520 395 2595 Porrosr
413 2548 522 2596 norma-
537 2523 674 2618 quaevis,
693 2521 756 2594 five
774 2525 902 2620 angulus
924 2527 1025 2596 redut
1044 2528 1089 2598 ita

101 2617 273 2692 sacrmdum
292 2623 515 2694 latua'alterum
529 2619 738 2713 juxtaLunae
755 2624 888 2690 semitam
909 2618 1090 2714 appositum·

99 2735 322 2814 promoveatur
339 2717 439 2790 donec
454 2720 587 2789 alterum
595 2713 839 2788 eandemhoram
854 2719 884 2786 in
898 2714 1006 2811 Ellipsr
1023 2719 1085 2806 sig-

101 2834 166 2896 ner,
195 2811 254 2886 ista
276 2812 358 2885 hora
374 2827 449 2911 puta
473 2815 511 2885 io·
528 2811 640 2884 nostro
653 2815 795 2908 err'emplo
811 2810 929 2884 decima
944 2810 1092 2911 Eclipsm'

100 2908 385 3006 quoquenreddm
405 2911 522 2983 diredid
537 2909 761 2983 determinabit.
819 2910 918 3001 Qro'd
936 2911 960 2981 si
979 2912 1092 2985 eaderrr

104 3021 289 3080 dormanno
300 3010 390 3101 jueta
400 3013 504 3080 Lunae
514 3008 676 3091 semitam,
686 3007 737 3079 sed
748 3007 839 3099 joma
855 3011 966 3078 circuli·
976 3011 1091 3107 Eclip'r'

103 3102 163 3173 tici>
184 3101 247 3176 srve
272 3103 348 3177 basis
367 3105 551 3178 diametrum
572 3094 713 3200 adposita
734 3106 796 3198 pari
819 3107 935 3175 ratione
958 3122 1092 3201 promo-⁶

103 3199 169 3270 veri
187 3200 390 3298 supponatur,
413 3202 524 3274 donee
538 3201 642 3294 eadem
656 3201 825 3296 utrobique
841 3197 915 3272 liora
939 3200 1092 3301 signaturaL

104 3293 212 3390 ipsum·
225 3301 378 3372 novilunii
398 3319 519 3396 tempus
539 3297 719 3370 habebimus
738 3299 906 3393 utrobique
923 3300 1095 3399 cousrgrlaff

105 3408 186 3463 aun.
238 3398 329 3484 Qpin
345 3402 380 3466 dr
399 3396 515 3493 digitos
532 3421 614 3492 quor
631 3401 747 3467 vocant
760 3397 916 3492 eclipticos
935 3392 999 3470 sive
1020 3414 1086 3496 par*

104 3509 150 3560 tes
167 3489 275 3562 Soletis
281 3493 426 3565 clamari
443 3493 668 3567 druodecimales
683 3495 822 3590 Ecliplrrr
835 3493 923 3588 passas
938 3497 1001 3594 pari
1015 3506 1095 3565 nors·

104 3586 188 3658 uino
203 3589 338 3672 rmore,
362 3584 443 3663 daco
456 3593 572 3687 quovis
595 3591 743 3757 tempopia
760 3611 934 3676 momento,
962 3589 1090 3759 large:
