2438 4328
109 163 158 265 7a
390 155 832 234 euaeramroxree
960 132 963 139 ’

105 281 298 367 demittatur
322 277 408 363 inde,
432 279 604 374 redeatque
617 280 688 377 post
702 307 797 361 unam
814 281 1106 365 oscillatimernina

109 402 143 454 te
184 406 234 460 ana
254 378 313 474 [eit
328 382 378 461 itu
394 377 551 462 &reditu
569 377 795 478 compositam]
813 379 852 453 ad
872 382 1032 475 purorum
1058 390 1102 457 V.

111 483 144 553 E
186 486 261 555 RV
263 473 435 559 retardatio
447 502 488 554 ex
502 473 672 557 resistentia
681 482 769 553 aeris.
818 477 929 567 Hujus
950 478 1103 557 RVfiar

112 580 180 655 ST
191 601 260 674 pars
276 587 388 667 quarta
407 570 513 649 stetin
535 574 655 656 medio,
681 582 715 649 ὅ(
736 574 775 657 iit
795 583 866 649 Ro
887 577 1015 670 aqualis
1037 575 1104 674 ipfi

113 681 198 753 GV,
224 679 258 749 δε
277 678 303 739 S
309 668 517 747 Texhibebit
529 671 771 747 retardationem
792 647 993 749 in'descensu
1012 673 1058 747 ab
1076 681 1107 744 S

111 745 165 842 {d
167 775 207 838 A
220 793 318 860 quam
329 771 487 865 proxime.
538 776 625 849 Nam
644 769 668 841 st
692 773 723 845 in
742 769 866 867 duplici
882 791 954 841 tum
973 767 1106 853 ascensu

112 887 186 949 tum
197 862 344 945 descensu
364 865 533 948 retardatio
554 864 593 948 fit
621 876 700 948 RV,
724 872 784 941 crit
801 867 1019 949 retardatioin
1041 867 1103 945 de-

115 960 221 1036 scensu
241 989 305 1034 uno
319 967 371 1035 vel
384 991 449 1035 uno
464 963 588 1046 ascensu
602 964 668 1054 ejus
679 987 866 1061 parsquarta
880 992 890 1046 ;
919 971 1040 1041 &cum
1047 992 1101 1039 ar-

115 1086 173 1134 cus
192 1060 260 1131 bini
278 1059 338 1132 fint
354 1062 535 1153 majores&
554 1063 622 1139 bini
644 1065 781 1139 minores
797 1087 895 1156 quam
907 1087 995 1135 arcus
1005 1068 1101 1168 Q,

114 1155 285 1232 resistentia
297 1161 372 1231 aeris
383 1184 486 1262 neque
507 1161 539 1233 in
557 1159 693 1236 arcubus
704 1163 861 1240 euxinus,
885 1160 1102 1253 nequeinmi-

116 1258 210 1329 nimis
221 1255 369 1349 sumenda
383 1256 440 1337 est,
465 1255 517 1328 sed
532 1258 564 1330 in
578 1255 748 1333 mediocri.
798 1255 899 1331 Unde
915 1281 981 1353 pars
987 1279 1104 1349 quarta

117 1358 294 1446 STneque
307 1355 347 1437 ad
384 1353 708 1451 undumsupremum
719 1365 762 1435 R,
784 1379 887 1452 neque
899 1353 939 1425 ad
950 1353 1106 1429 infimum

120 1460 165 1532 V,
179 1448 231 1522 sed
249 1452 280 1521 in
295 1379 404 1524 medio
426 1454 506 1523 inter
519 1472 693 1545 utrumque
717 1452 763 1525 est
786 1449 979 1529 collocanda.
1031 1454 1105 1529 Re⁶

119 1547 269 1630 stiuutur
281 1547 346 1638 iam
358 1557 510 1646 cotme
522 1551 670 1627 inlocum
681 1549 793 1624 suume
822 1549 1107 1646 CadatcorpusA

118 1644 161 1721 de
174 1647 297 1745 pundo
309 1653 345 1727 S,
371 1648 564 1722 &velocitas
574 1647 640 1737 ejus
654 1650 686 1722 in
699 1651 773 1721 loco
784 1647 967 1721 reflexionis
978 1653 1018 1715 A
1034 1646 1103 1719 abs·

120 1769 186 1838 que
199 1770 305 1823 errore
316 1742 464 1825 sensibili,
484 1766 568 1819 tanta
579 1748 641 1818 erit
655 1772 691 1817 ac
707 1743 732 1817 sr
752 1749 783 1817 in
804 1771 907 1816 vacuo
921 1742 962 1819 de
977 1746 1057 1816 loco
1074 1743 1113 1815 T

121 1839 310 1925 cecidiffeta
338 1867 472 1941 corpore
491 1849 529 1919 A
549 1845 640 1917 altius
660 1847 754 1940 paulo
771 1840 914 1919 cadendo
932 1843 1009 1919 aeris
1022 1839 1103 1919 refi-

122 1937 266 2047 fiendam
277 1941 516 2035 compensante:
543 1945 733 2036 Exponatur
744 1945 852 2035 itaque
862 1940 955 2031 juxta
967 1945 1106 2016 Lemma

122 2051 188 2125 jam
200 2033 451 2114 demonstratum
464 2034 535 2107 haec
554 2040 694 2133 corporis
712 2041 744 2110 in
766 2037 887 2129 pundo
898 2043 938 2109 A
951 2037 1108 2135 velocitas

124 2153 180 2226 por
199 2129 352 2207 chordam
378 2159 468 2204 arcus
493 2137 568 2204 TA.
617 2134 692 2206 Post
714 2130 921 2207 reflexionem
941 2134 1108 2231 perveniat

19 2235 22 2242 '
127 2251 169 2306 co
207 2253 244 2305 ut
262 2234 302 2305 A
325 2227 366 2305 ad
390 2231 501 2304 locum
524 2257 549 2309 s,
572 2237 734 2329 &corpus
752 2231 1005 2322 Badlocumd,
1032 2228 1102 2308 save

125 2327 174 2413 ela
202 2327 250 2398 ica
271 2323 331 2399 sint
349 2351 492 2425 corpora,
514 2324 579 2399 five
599 2353 674 2400 non.
720 2332 871 2401 Tollatur
886 2353 1000 2426 corpus
1014 2335 1053 2408 B,
1068 2335 1105 2398 δε

6 2450 9 2456 ·
127 2425 304 2507 inveniatur
315 2425 404 2497 locus
418 2450 467 2506 ua
478 2450 546 2517 quo
562 2423 586 2497 fi
599 2451 713 2519 corpus
725 2434 765 2496 A
772 2426 969 2505 demittatur,
985 2432 1019 2496 &
1029 2423 1104 2522 post

126 2543 223 2592 unam
230 2522 613 2612 integramoscillationem
621 2522 919 2603 adlocumrredeat,
936 2522 975 2594 stt
987 2543 1020 2591 st
1032 2539 1106 2619 pars

127 2638 241 2712 quarta
258 2616 355 2729 ipsius
368 2647 424 2701 ru,
450 2618 508 2692 lita
520 2621 616 2691 etiam
632 2643 668 2693 ut
684 2625 772 2717 prius
784 2624 816 2692 in
828 2619 960 2692 medio:
983 2624 1031 2697 Et
1044 2643 1102 2717 per

127 2713 386 2799 chordamarcus
405 2725 462 2788 tA
479 2739 655 2814 exponatur
665 2719 815 2789 velocitas
829 2743 926 2811 quam
941 2741 1057 2814 corpus
1070 2723 1114 2786 A

128 2816 275 2912 proxime
286 2813 358 2911 post
375 2815 581 2887 reflexionem
594 2813 708 2886 hahuit
724 2816 755 2886 in
772 2816 845 2885 ioco
858 2821 912 2884 A:
937 2839 1008 2887 nam
1018 2836 1034 2882 t
1045 2815 1112 2885 erit

129 2913 182 2983 ille
203 2913 292 2984 locus
309 2937 402 2984 verus
421 2918 455 2982 δε
478 2912 638 2982 corredius
659 2911 698 2983 ad
718 2936 816 3004 quem
832 2936 944 3009 corpur
960 2917 1007 2989 A,
1031 2909 1111 2982 sub-⁴

128 3007 191 3078 lnta
205 3011 282 3079 aeris
304 3007 487 3088 resistentia,
513 3005 673 3079 ascendere
695 3005 863 3079 debuisset.
913 3008 1017 3081 Simili
1037 3028 1111 3079 me-²

129 3102 236 3176 'thodo
250 3102 454 3202 corrigendus
464 3106 526 3175 erit
536 3104 625 3176 locus
636 3105 671 3194 d,
696 3103 736 3176 ad
742 3127 840 3199 quem
848 3130 962 3202 corpus
975 3103 1115 3176 Bascen-·

131 3201 193 3282 dit,
220 3199 469 3273 &inveniendus
484 3204 572 3272 locus
586 3207 599 3270 l
610 3199 649 3272 ad
662 3226 761 3294 quem
783 3227 896 3298 corpus
911 3200 992 3274 illud
1005 3199 1114 3273 ascen*

131 3298 206 3372 dere
219 3296 376 3370 debuisset
388 3301 421 3370 in
435 3325 549 3371 vacuo.
599 3301 677 3369 Hoc
691 3300 784 3394 padio
799 3303 903 3371 omnia
923 3296 1114 3390 hujusmodi

133 3397 346 3492 experimenta
364 3398 439 3469 licet
453 3395 581 3492 perinde
605 3399 742 3492 experiri
763 3422 797 3466 ac
818 3395 841 3466 fi
863 3399 1014 3468 invacuo
1032 3415 1114 3468 cona·

134 3493 240 3565 stituti
257 3489 401 3567 edemus·
450 3492 597 3566 Tandem
609 3489 793 3565 ducendum
814 3496 876 3566 erit
900 3519 1013 3590 corpus
1027 3499 1068 3564 A
1078 3496 1114 3568 iu

133 3588 288 3664 chordam
304 3596 379 3672 TA,
403 3617 475 3685 quae
488 3594 692 3664 velocitatem
705 3590 773 3680 ejus
784 3589 928 3671 exhibet,
954 3590 1116 3663 uthabem

127 3708 191 3770 tur
211 3710 317 3761 motus
342 3690 409 3781 ejus
430 3691 462 3760 in
481 3692 555 3761 loco
575 3693 614 3758 A
630 3688 774 3784 proxime
794 3711 862 3760 ante
877 3689 1085 3784 reflexionem
1096 3712 1113 3770 ι

133 3778 250 3861 deinde
264 3789 297 3860 in
311 3785 465 3862 chordam
481 3792 546 3869 t'A‚
570 3806 609 3858 ut
622 3783 774 3887 habeatur}
784 3808 893 3861 motus
909 3786 976 3878 ejus
996 3787 1121 3857 inloto

917 3890 957 3958 A
976 3884 1127 3984 proxime
