2438 4328
6 73 13 82 ⁹
128 123 197 221 ‘348
391 66 851 197 rtoaitcrrouas

126 255 151 296 '‘
176 252 341 365 Principiis
353 249 438 324 Phil.
456 258 534 325 Nat.
552 246 664 322 Math.
679 246 754 321 Lib.
767 254 804 319 Ι.
823 256 931 344 Prop.
951 256 1006 320 16.
1014 251 1101 322 Cotol

124 351 152 395 “
175 379 211 449 7.
237 354 269 425 Si
279 374 386 446 rtaque
400 354 540 421 Cometa
553 351 584 418 in
599 344 753 444 perihelio
766 345 812 417 ad
826 344 1020 418 distantiam
1032 372 1101 440 aqua

124 451 150 492 “
174 452 238 522 lem
245 447 402 522 distantiat
415 448 612 519 terroeaSole
625 442 839 541 supponatur,
847 447 916 516 erit
931 468 1004 514 area
1011 442 1099 524 diunt,

125 550 151 590 “
175 572 273 641 quam
298 544 486 618 describeret
513 548 663 622 Cometa,
697 538 737 612 ad
759 567 873 612 aream
891 566 1002 635 quam
1020 540 1071 611 del

124 648 150 689 “
173 645 222 716 bit
235 648 350 723 Terra,
375 663 413 713 ut
428 653 485 724 ,st
501 639 541 712 ad
559 666 573 710 1
591 669 600 711 r
627 664 662 710 ac
677 636 813 735 proinde
829 660 970 736 tempus
984 662 1099 717 annuunt

124 748 149 785 “
175 740 214 812 ad
230 762 354 837 tempus
373 764 442 834 quo
459 744 599 809 Cometa
612 738 681 808 talis
695 734 900 808 describeret
919 735 1099 830 quadranter

125 845 150 881 “
176 833 342 908 Orbitaes
433 834 603 918 Periheli0,
629 856 667 904 ut
683 856 854 929 3.14t59,
871 842 946 915 &a
979 830 1056 919 (hoc
1069 832 1100 911 el,

122 941 148 978 “
172 954 210 1005 ut
223 959 291 1004 area
310 838 440 1102 ew)
461 929 501 1003 ad
522 934 583 1026 u}-
634 935 717 1001 Haec
731 934 795 1002 ille.

168 1029 271 1124 Qiod
292 1033 344 1103 vel
398 1050 443 1102 tas
469 1031 500 1100 io
524 1028 667 1124 parabola
689 1026 727 1099 srt
749 1027 788 1099 ad
809 1029 1045 1106 velocitatem,
1081 1052 1100 1097 ro

397 1122 507 1198 eadem
520 1123 678 1203 distantia,
704 1127 735 1196 in
749 1127 881 1196 circulo
901 1146 947 1197 ut
971 1132 1005 1210 ,l
1012 1150 1030 1194 2
1043 1050 1081 1196 ad
1088 1149 1102 1193 1.

153 1212 180 1295 s'
181 1226 194 1261 r
195 1217 232 1282 op.
249 1203 347 1264 XXII·
398 1225 450 1295 vel
464 1245 502 1296 ut
526 1247 566 1293 to
582 1221 621 1294 ad
638 1248 660 1316 7
674 1221 750 1301 fere,
775 1223 861 1293 olim
884 1220 1101 1294 demonstrati·

115 1295 197 1361 sm*
319 1389 320 1392 ,
392 1345 481 1393 ntus:
517 1316 583 1391 five
604 1321 711 1416 potius
732 1342 772 1389 ex
798 1341 921 1391 natura
943 1341 1103 1391 curvatura

120 1417 281 1493 circularis
298 1423 331 1487 &
350 1419 548 1514 parabolicae,
574 1425 608 1488 8(
626 1419 745 1488 ratione
769 1415 1003 1488 subtensarurrr
1022 1418 1105 1514 angul

120 1516 328 1594 contadiuum
347 1516 378 1586 in
395 1513 479 1586 hisce
499 1516 617 1594 curvis,
642 1511 735 1585 instar
759 1516 960 1593 Coronatii,
988 1513 1106 1586 deduxi-

120 1637 204 1684 mus.
254 1616 402 1708 Tempus
414 1633 519 1684 autem
530 1613 560 1682 in
573 1612 696 1685 circulo
709 1613 865 1706 ecliptico
879 1635 1048 1692 annuum,
1062 1609 1107 1681 sue
1147 1625 1152 1633 '

118 1729 244 1801 ternpus
259 1710 466 1781 revolutionis
482 1712 611 1803 integra
626 1733 681 1804 per
697 1710 809 1779 circuli
821 1733 935 1779 aream
953 1710 1108 1806 integram,

117 1830 158 1879 ex
175 1804 436 1904 semiperipheriae
452 1809 482 1878 in
495 1804 619 1876 radium
632 1803 734 1875 dudu
755 1803 1001 1886 aestimandam,
1027 1829 1109 1902 expo

117 1901 233 1986 fitum3
260 1907 320 1975 erit
335 1900 374 1973 ad
386 1925 511 1999 tempus
521 1901 738 1998 descriptionis
752 1927 841 1972 arcus
853 1901 1109 1994 quadrantalisin

117 2002 272 2094 parabola,
298 2023 354 2095 per
372 2002 523 2094 parabola
538 2024 638 2070 aream
658 1997 896 2091 quadrantalem
913 2023 962 2069 ex
984 1999 1109 2091 dusiu}

117 2093 296 2167 semilateris
316 2096 395 2166 redi
410 2097 442 2166 in
458 2094 599 2184 ejusdem
611 2099 711 2166 lateris
725 2093 789 2167 srve
803 2095 888 2169 radii
898 2096 1109 2188 quadrantem

117 2189 341 2271 aestimandam,
367 2189 571 2289 expositum
602 2214 639 2263 ut
651 2191 722 2289 ipsa
735 2217 832 2273 arear3
857 2189 927 2263 five
951 2215 996 2271 ut
1012 2196 1109 2266 altitu·

113 2286 203 2367 dines
219 2289 475 2386 rediangulotum
492 2288 531 2361 ad
548 2314 750 2361 communem
776 2285 886 2360 basma
914 2289 983 2361 nili
1005 2312 1110 2384 quate·

112 2412 171 2474 nus
188 2388 337 2473 velocitas
351 2383 567 2480 descriptionis
586 2388 617 2457 in
644 2386 791 2458 Parabola
809 2383 900 2456 istam
919 2407 1109 2484 temporum

113 2487 268 2556 rationem
293 2481 411 2562 turbat,
445 2492 478 2554 &
496 2485 624 2561 minuit,
652 2485 682 2554 in
709 2486 827 2555 ratione
850 2507 864 2551 1
885 2481 926 2554 ad
946 2491 985 2570 ,l
997 2511 1033 2565 ι.
1059 2488 1109 2556 ita·

36 2624 42 2633 ·
113 2606 178 2675 que
197 2585 268 2653 vice
285 2585 305 2672 ᾖ
323 2577 510 2653 adhibeatur
527 2585 593 2675 ssi
612 2608 620 2650 ε
656 2587 689 2650 &
715 2578 901 2677 duplicetur
919 2603 1107 2654 numerator

110 2702 239 2777 propter
258 2703 425 2749 numerum
446 2676 649 2772 quadratum,
679 2676 799 2749 scilicet
818 2677 1003 2774 binarium,
1041 2682 1107 2751 uni·

110 2780 182 2849 tatis
195 2776 350 2872 duplum,
371 2771 434 2844 hoc
447 2772 504 2854 est,
530 2798 587 2870 pro
599 2776 723 2845 circulo
742 2772 932 2856 adhibeatur
949 2775 1027 2865 ejus
1042 2802 1105 2848 area

114 2897 287 2972 3.141.59.
314 2895 373 2968 pro
387 2872 533 2943 Parabola
550 2874 621 2966 tls.
648 2893 743 2964 atque
765 2873 807 2943 ita
824 2869 918 2942 facile
939 2872 1104 2966 intellige·

112 2993 169 3044 tur
194 2970 354 3042 ratiocinii
377 2970 534 3041 Halleiani
553 2971 678 3040 veritas.
728 2983 753 3018 “
779 2976 889 3066 Pergae
899 2988 1015 3040 autem
1029 2973 1102 3042 ille:

110 3083 136 3120 “
161 3072 302 3140 Cometa
318 3065 419 3162 igitur
432 3065 622 3138 describeret
644 3064 850 3158 quadrantem
870 3065 964 3136 illum
986 3066 1103 3138 diebus

110 3179 137 3215 “
167 3187 245 3250 ¹09·
281 3164 349 3259 14¹².
375 3169 447 3260 46',
479 3163 623 3254 adeoque
644 3188 712 3233 area
732 3165 783 3234 illa
805 3161 997 3258 parabolica,
1025 3188 1101 3235 arear

108 3277 135 3313 “
158 3264 260 3332 POS
281 3261 420 3357 analoga,
445 3262 478 3333 in
498 3282 625 3331 centum
642 3261 807 3354 'particulas
821 3256 1009 3340 distributa,
1040 3259 1101 3330 fin,

107 3373 134 3431 ‘5
156 3359 241 3458 gulis
259 3357 375 3430 diebus
394 3379 580 3456 competunt
596 3357 759 3454 particulae
771 3353 974 3442 o.912.28o.
1005 3356 1101 3446 cujus

800 3465 808 3494 1

19 3486 21 3491 ,
107 3527 132 3562 “
157 3506 398 3607 Logarithmus,
421 3533 532 3604 nempe
551 3507 739 3593 9·9'60·128
753 3508 988 3602 inperpetuum
1002 3506 1097 3579 usum

106 3622 132 3660 ⁶‘
157 3603 325 3678 servandus
343 3603 401 3678 est.
450 3610 614 3690 Tempora
632 3625 738 3675 autem
758 3603 875 3694 quibus
896 3607 1041 3675 Cometa
1065 3606 1097 3676 in

107 3721 132 3757 ⁶<
157 3701 301 3776 distantia
314 3701 431 3794 majore
446 3703 498 3774 vel
512 3703 634 3773 minore
649 3699 834 3794 quadrantes
848 3698 962 3771 similes
974 3697 1098 3773 descri-

108 3818 133 3902 ‘f
157 3801 257 3910 beret,
282 3800 353 3880 sunt
376 3818 414 3892 ut
431 3801 646 3896 revolutiones
669 3801 700 3895 in
723 3799 860 3902 circulis,
892 3785 957 3869 hoc
975 3796 1038 3964 ‘ists'
1066 3802 1098 3870 in

930 3907 954 3961 ες
992 3896 1103 3994 equis
