2438 4328
38 178 154 248 ,5²
263 226 267 233 ,
384 154 946 233 ercammarus-‚13

168 283 260 373 (18.)
288 280 491 379 Corporibus
502 277 629 350 duobus
640 277 701 351 fibi
715 299 833 352 mutuo
842 282 1105 365 occtrtttntibus,

107 379 184 473 ,five
202 379 347 459 elasticis,
372 376 437 448 five
450 400 512 448 non
528 373 674 457 clasticis,
697 401 759 447 non
771 376 889 475 semper
901 375 972 475 post
978 381 1105 478 impin.

111 480 184 559 ,sum
206 476 317 551 eadem
336 496 444 547 motus
463 475 621 567 quantitas
646 478 678 547 in
699 497 839 568 utroque
857 472 953 548 simul
970 474 1104 575 sumpto

107 579 329 653 ,conservatum
352 596 428 665 quae
447 569 512 643 suit
532 594 627 657 ante;
653 571 773 644 sedvel
795 575 906 671 augeri
923 572 1026 671 potest
1047 576 1105 647 vel

106 676 229 763 ,minui
278 674 372 743 Hanc
402 690 510 756 motus
538 671 653 768 legem,
677 695 752 762 quae
780 695 890 742 contra
914 668 1102 746 Cartelium

110 773 237 847 directe
250 771 380 848 militat,
403 768 422 839 ὲ
436 770 505 864 lege
524 781 571 863 7².
583 771 669 864 prius
679 765 885 848 deduximus,
904 768 1012 861 quoad
1025 795 1103 842 cor·

107 891 264 967 potatam
276 864 399 938 elastica
410 892 422 947 3
449 872 483 935 δι
495 890 536 935 ex
548 865 616 963 lege
624 863 844 963 penultimade
859 864 991 937 elasticis
1001 870 1103 941 etiam

108 965 272 1059 sequitur.
321 968 412 1035 Cum
427 964 512 1033 enim
524 985 632 1037 motus
649 965 804 1056 quantitas
824 989 864 1033 ex
884 965 1046 1038 celeritate
1067 968 1101 1039 in

113 1066 282 1151 nuteriam
301 1059 399 1134 duda
420 1057 592 1134 astirnetur
601 1089 611 1144 3
647 1069 681 1133 δι
702 1087 778 1131 cunr
793 1062 825 1131 in
841 1063 1030 1158 corporibus
1043 1085 1101 1135 ut·

61 1239 67 1250 ,
112 1183 246 1258 ιειιιηιιε
273 1160 331 1231 ina
358 1158 492 1239 ualibus‚
519 1164 553 1228 &
579 1161 726 1251 inaquali
744 1160 902 1231 celeritate
920 1162 1029 1240 motis,
1056 1161 1102 1232 ita

110 1278 222 1345 ,tamen
233 1282 279 1335 tes
299 1257 343 1328 se¹
371 1255 471 1336 abeat,
487 1276 524 1326 ut
539 1258 747 1327 velocitatum
763 1254 884 1327 summa
897 1253 961 1328 five
976 1259 1102 1330 veloci-

106 1375 163 1437 tas
178 1353 350 1451 respectiva
366 1374 488 1425 maneat
509 1349 593 1435 data,
617 1357 771 1447 quantitas
789 1374 897 1425 motus
914 1356 975 1425 erit
987 1353 1103 1427 admo·

109 1451 200 1527 dum
223 1452 402 1546 inaequalis,
426 1469 523 1546 prout
540 1475 655 1546 corpus
673 1450 773 1542 majus
797 1472 852 1523 aut
872 1452 976 1523 rnintu
996 1452 1102 1543 majo-

109 1574 186 1624 rem
202 1549 382 1623 ¹velocitatis
403 1546 584 1643 respectiva
606 1551 736 1644 integrat
754 1568 874 1644 partem
891 1549 1032 1621 lucratur
1043 1571 1101 1621 aut

111 1650 275 1721 minorem
281 1671 294 1730 3
322 1667 410 1719 utcx
422 1665 571 1718 motuum
584 1647 706 1718 calculo
717 1646 812 1717 etiarn
820 1671 897 1717 mox
905 1644 1102 1719 instituendo

117 1744 373 1844 clarinapatebit.

168 1851 263 1931 (19.)
281 1837 1103 1939 Sicorpus-pcrsecleelasticummajrnminoriquies-

114 1945 203 2025 tenti
213 1962 373 2021 occurrat,
395 1940 553 2011 minorem
564 1938 595 2010 ei
606 1940 807 2010 velocitatem
819 1937 908 2010 dabit
920 1962 1018 2031 quana
1035 1934 1103 2008 du-

141 2040 202 2109 lam
215 2033 288 2107 sua.
315 2041 404 2107 Cum
419 2037 503 2105 enim
516 2031 587 2130 post
604 2033 773 2130 impulsum
785 2060 919 2132 corpora
928 2032 1037 2106 eadem
1046 2058 1106 2105 ce·

115 2060 240 2207 lritare
254 2131 427 2228 respectivd
447 2154 464 2203 a
483 2129 668 2203 seinvicem
687 2131 844 2204 discedere
863 2130 1010 2211 debcant,
1036 2154 1105 2224 qua

118 2228 159 2315 ad
175 2228 313 2311 invicem
323 2225 519 2307 accesserant,
532 2225 649 2300 hocest
661 2232 694 2301 in
706 2229 775 2301 casu
788 2228 940 2325 prasenti,
953 2253 1016 2321 qua
1028 2252 1106 2299 cor·

115 2344 180 2426 pus
201 2325 303 2419 majus
327 2342 396 2409 ante
410 2324 591 2422 ¹impulsum
615 2348 742 2399 motuni
765 2324 860 2409 esset3
890 2324 913 2397 fi
940 2327 1106 2398 Velocitat

115 2420 569 2520 quiescentisevaderetdupla
577 2424 755 2496 velocitatis
765 2411 961 2501 incurreritis,
973 2443 1107 2518 oporte·

116 2543 168 2599 ret
181 2523 351 2601 incurrens,
377 2518 446 2618 post
463 2541 590 2592 motum
616 2521 789 2614 quiescenti
815 2522 1105 2599 communicatum,

117 2617 231 2693 eadem
246 2620 404 2692 celeritate
425 2611 488 2692 sine
510 2619 571 2690 ulla
589 2617 730 2710 ejusdem
749 2616 870 2712 jatrum
889 2641 1019 2716 pergere
1036 2640 1106 2710 qua

117 2721 218 2818 prius.
267 2714 371 2808 Quod
382 2712 429 2789 est
446 2715 627 2788 absurdum.

116 2880 121 2887 .
155 2820 262 2900 ¹(ad.)
292 2812 548 2910 Sicorpnraduo
560 2809 831 2908 perfecieelastica
844 2810 904 2884 srbi
917 2804 1105 2883 exadverso

116 2935 304 2992 occurrant,
324 2933 466 3004 quorum
478 2908 749 3007 magnitudinibus
762 2912 933 2981 celeritates
948 2906 1105 2980 contraria

118 3011 240 3103 ratione
251 3005 467 3101 respondeant,
492 3025 666 3098 utrumque
683 3004 793 3078 eadem
816 3031 880 3100 qua
901 3000 1027 3078 accessit
1047 3030 1104 3076 ce·

117 3104 240 3181 leritate
258 3103 386 3189 resiliet.
435 3109 525 3176 Cum
536 3106 621 3174 eninr
632 3106 727 3175 Vires
739 3129 811 3197 quae
824 3129 865 3176 ex
880 3128 971 3175 mero
983 3125 1102 3196 corpo·

118 3228 193 3277 runt
215 3201 355 3298 impulsu
377 3196 441 3277 sine
459 3200 580 3273 elaterii
598 3195 842 3274 consideratione
863 3202 1021 3279 oriuntur,
1041 3195 1103 3269 lint

119 3302 271 3394 utrinque
297 3303 441 3392 ¹aquales,
467 3299 496 3370 sc
518 3318 636 3370 mutuo
660 3325 699 3370 ex
725 3304 812 3396 Lege
833 3298 866 3369 8⁸
883 3291 1103 3370 substinebunt

119 3395 343 3475 &destruente
371 3394 549 3472 Rellabunt
562 3398 668 3490 itaque
683 3395 753 3467 solae
765 3397 846 3468 vires
857 3393 1009 3477 elasticae;
1025 3416 1102 3486 quaa

119 3520 198 3569 cum
210 3489 626 3588 lintutrlnqne&‘interse‚
652 3494 838 3566 &motibus
857 3492 1015 3589 prioribus
1027 3512 1102 3561 om-

120 3593 196 3667 nino
211 3593 357 3687 equales,
382 3617 408 3665 ae
432 3592 513 3667 uales
536 3616 577 3665 ex
597 3614 737 3687 utraque
754 3613 839 3687 parte
854 3611 962 3662 motus
971 3613 1102 3688 genera·

119 3686 212 3761 bunt.
262 3694 407 3787 Atquea
447 3715 470 3761 n
485 3714 597 3788 corpus
614 3712 788 3782 utrumque
803 3681 913 3761 eadern
923 3712 989 3784 qua
999 3683 1104 3777 arcese,

119 3782 542 3890 seratpriuscelerit'atepost
553 3788 722 3862 occursum
733 3782 860 3859 resiliet.
995 3879 1059 3952 δὴ

123 3934 134 3953 ·
192 3952 201 3965 ,
248 3912 265 3963 ,ῑ
1018 3907 1035 3953 c
1060 3905 1101 3951 ο·
