2438 4328
251 170 950 242 ‘rfflsrco-MATHEMATIM.
1023 169 1095 264 ἠς

93 295 173 374 ‘levi
187 301 456 393 dumtaxatopera
476 300 509 369 in
527 294 701 368 transcursu
720 299 932 395 attinguntur.
981 306 1101 396 Atque,

107 400 176 471 haec
191 397 469 496 impraesentiarum
481 390 643 486 hactenur.
694 396 878 487 Reliquain
901 401 1098 473 Temnum

108 499 254 593 proxime
267 488 418 566 futurrim
429 491 664 562 reservabimus·

181 590 323 663 Decemb.
343 616 395 660 11.
428 615 528 686 1704.

408 877 413 895 ,
558 815 661 882 XIII.

108 956 188 1024 XV.
203 946 413 1120 ΑΜΕ
429 975 507 1044 quas
525 952 670 1046 Corpora
685 951 717 1021 in
736 975 836 1046 gyros
855 949 921 1020 adra
940 934 1035 1021 radiis
1055 946 1099 1020 ad

324 1048 489 1120 immobile
502 1067 648 1118 centrum
659 1045 891 1119 viriumduffis
899 1044 1097 1127 describunt,

109 1146 190 1215 &in
207 1147 304 1242 planis
320 1145 538 1217 immobilibus
556 1141 741 1223 consistunt,
766 1150 799 1215 &
816 1143 887 1215 sunt
900 1145 1100 1242 temporibus

108 1243 368 1345 proportionales,
383 1248 416 1311 &
432 1240 509 1313 dato
524 1262 667 1339 tempore
679 1241 801 1341 tibique
813 1242 965 1335 aquales:
990 1263 1100 1313 motus

109 1359 227 1432 nempe.
235 1339 404 1407 velocitate
419 1340 449 1409 in
462 1336 606 1410 distantia
619 1341 762 1418 minore,
789 1337 981 1429 &tarditate
1000 1341 1033 1409 in
1045 1338 1099 1410 di·

111 1433 223 1519 stantia
239 1432 356 1523 majore
376 1458 513 1504 arearum
532 1433 774 1534 descriptionem
788 1437 830 1507 ita
841 1435 1037 1515 moderante,
1058 1454 1101 1507 nt

112 1545 152 1600 ex
165 1531 257 1617 variis
286 1528 350 1601 istis
374 1527 528 1602 distantiis
553 1529 629 1602 dato
651 1555 794 1631 tempore
820 1535 903 1604 nulla
927 1532 1099 1631 spatiorum

111 1626 329 1727 perc'ursorum
349 1625 528 1699 differentia
541 1651 681 1721 unquam
693 1633 826 1701 oriatur.
903 1637 907 1644 '

159 1721 336 1795 Dittidatur
356 1727 441 1796 enim
469 1746 594 1819 tempus
608 1725 640 1794 in
653 1747 751 1821 partes
771 1727 915 1818 aequaiet,
942 1731 976 1795 δι
994 1726 1097 1822 prima

112 1823 361 1917 temporirparte
373 1821 529 1894 describat
540 1843 654 1917 corpus
669 1823 703 1894 vi
716 1820 817 1901 insita,
840 1820 905 1892 five
917 1842 1011 1891 motu
1021 1845 1099 1918 pro·

109 1917 457 2008 jettssirettamjmeam
470 1919 619 2012 quamvis
631 1924 708 1988 AB.
741 1916 834 1989 Idem
842 1913 1102 2014 corpussecunda·

112 2016 226 2106 aquali
245 2019 393 2114 temporis
409 2039 508 2116 parte,
530 2006 969 2116 finihilimpedire‘t,&null·a
982 2014 1104 2092 aliarir

818 2179 914 2269 aar

116 3284 246 3367 ingeret
265 3269 350 3340 reda
374 3266 415 3340 ad
437 3297 453 3339 c
475 3293 629 3369 pergeret,
651 3270 827 3345 describens·
840 3254 950 3345 smeam
978 3282 1025 3346 Bc
1044 3276 1106 3374 ipo

119 3375 189 3438 'AB
208 3369 375 3460 aequalem,
392 3365 471 3438 adeo
484 3390 521 3439 ut
539 3369 631 3445 radiis
644 3368 684 3442 ad
704 3380 848 3442 centrum
862 3378 889 3438 S
902 3371 1008 3445 dudis
1028 3400 1106 3446 con⁴

120 3464 213 3535 fectae
224 3463 329 3536 forent
344 3467 476 3557 aquales
493 3491 569 3537 areae
578 3474 646 3536 AS
651 3474 688 3538 B.
704 3475 793 3537 BSc.
821 3474 946 3541 Verum
959 3472 1019 3542 ubi
1032 3497 1106 3543 cord

120 3572 178 3665 pus
194 3558 232 3630 ad
249 3564 404 3657 pundum
420 3569 447 3630 B
465 3566 553 3635 venit
565 3588 636 3660 agat
654 3567 702 3637 vis
725 3568 907 3661 centripeta,
929 3568 994 3640 five
1012 3590 1107 3642 attra-

121 3658 189 3726 stio
204 3654 241 3727 sn
255 3655 319 3730 five
334 3657 447 3756 preffio
463 3661 689 3757 qualiscunque
705 3661 746 3734 ad
765 3685 907 3738 centrum
921 3673 947 3734 S
965 3666 1105 3743 tendens,

122 3753 259 3849 impulsu
273 3758 380 3837 unico,
399 3761 457 3850 qui
476 3756 515 3830 fit
535 3758 573 3832 ad
596 3781 724 3833 motum
745 3759 943 3859 projetrflem
966 3786 1004 3836 nt
1028 3766 1107 3832 liner

1015 3877 1108 3948 ΘΜ·
