<?xml version="1.0" encoding="UTF-8"?>
<!DOCTYPE html PUBLIC "-//W3C//DTD XHTML 1.0 Transitional//EN"
    "http://www.w3.org/TR/xhtml1/DTD/xhtml1-transitional.dtd">
<html xmlns="http://www.w3.org/1999/xhtml" xml:lang="en" lang="en">
 <head>
  <title>
</title>
<meta http-equiv="Content-Type" content="text/html;charset=utf-8" />
  <meta name='ocr-system' content='tesseract 3.04.00' />
  <meta name='ocr-capabilities' content='ocr_page ocr_carea ocr_par ocr_line ocrx_word'/>
</head>
<body>
  <div class='ocr_page' id='page_1' title='image "./praelectionesph00whisgoog/praelectionesph00whisgoog_0172.png"; bbox 0 0 2438 4328; ppageno 0'>
   <div class='ocr_carea' id='block_1_1' title="bbox 102 157 1042 260">
    <p class='ocr_par' dir='ltr' id='par_1_1' title="bbox 102 115 1042 260">
     <span class='ocr_line' id='line_1_1' title="bbox 102 157 1042 260; baseline 0.009 -33"><span class='ocrx_word' id='word_1_1' title='bbox 102 192 105 204; x_wconf 88' lang='lat'><strong>·</strong></span> <span class='ocrx_word' id='word_1_2' title='bbox 190 157 886 234; x_wconf 62' lang='lat' dir='ltr'>nursino-MATHEMATIM.</span> <span class='ocrx_word' id='word_1_3' title='bbox 979 176 1042 260; x_wconf 76' lang='lat'>1⁶5</span> 
     </span>
    </p>
   </div>
   <div class='ocr_carea' id='block_1_2' title="bbox 53 287 1183 3593">
    <p class='ocr_par' dir='ltr' id='par_1_2' title="bbox 66 287 1044 386">
     <span class='ocr_line' id='line_1_2' title="bbox 66 287 1044 386; baseline -0.004 -18"><span class='ocrx_word' id='word_1_4' title='bbox 66 339 68 347; x_wconf 66' lang='lat'>=</span> <span class='ocrx_word' id='word_1_5' title='bbox 114 301 259 368; x_wconf 76' lang='lat' dir='ltr'>Casus</span> <span class='ocrx_word' id='word_1_6' title='bbox 278 299 346 378; x_wconf 83' lang='lat'>(1.)</span> <span class='ocrx_word' id='word_1_7' title='bbox 372 295 558 363; x_wconf 85' lang='lat' dir='ltr'>Commune</span> <span class='ocrx_word' id='word_1_8' title='bbox 575 287 655 376; x_wconf 81' lang='lat' dir='ltr'>illud</span> <span class='ocrx_word' id='word_1_9' title='bbox 666 292 830 386; x_wconf 87' lang='lat' dir='ltr'>gravitatis</span> <span class='ocrx_word' id='word_1_10' title='bbox 842 310 986 364; x_wconf 89' lang='lat' dir='ltr'>centrum</span> <span class='ocrx_word' id='word_1_11' title='bbox 1007 303 1044 375; x_wconf 76' lang='lat' dir='ltr'>C,</span> 
     </span>
    </p>

    <p class='ocr_par' dir='ltr' id='par_1_3' title="bbox 64 388 1046 491">
     <span class='ocr_line' id='line_1_3' title="bbox 64 388 1046 491; baseline -0.002 -27"><span class='ocrx_word' id='word_1_12' title='bbox 64 416 122 491; x_wconf 87' lang='lat' dir='ltr'>per</span> <span class='ocrx_word' id='word_1_13' title='bbox 135 413 241 466; x_wconf 75' lang='lat' dir='ltr'>matus</span> <span class='ocrx_word' id='word_1_14' title='bbox 254 393 358 490; x_wconf 85' lang='lat' dir='ltr'>legem</span> <span class='ocrx_word' id='word_1_15' title='bbox 380 411 434 481; x_wconf 84' lang='lat'>25.</span> <span class='ocrx_word' id='word_1_16' title='bbox 460 392 513 461; x_wconf 90' lang='lat' dir='ltr'>vel</span> <span class='ocrx_word' id='word_1_17' title='bbox 523 388 671 482; x_wconf 84' lang='lat' dir='ltr'>quiescit,</span> <span class='ocrx_word' id='word_1_18' title='bbox 696 389 749 458; x_wconf 87' lang='lat' dir='ltr'>vel</span> <span class='ocrx_word' id='word_1_19' title='bbox 762 410 913 460; x_wconf 89' lang='lat' dir='ltr'>movetur</span> <span class='ocrx_word' id='word_1_20' title='bbox 921 389 1046 474; x_wconf 60' lang='lat' dir='ltr'>unifon</span> 
     </span>
    </p>

    <p class='ocr_par' dir='ltr' id='par_1_4' title="bbox 62 482 1044 582">
     <span class='ocr_line' id='line_1_4' title="bbox 62 482 1044 582; baseline -0.002 -21"><span class='ocrx_word' id='word_1_21' title='bbox 62 494 159 562; x_wconf 86' lang='lat' dir='ltr'>miter</span> <span class='ocrx_word' id='word_1_22' title='bbox 172 492 205 562; x_wconf 89' lang='lat' dir='ltr'>in</span> <span class='ocrx_word' id='word_1_23' title='bbox 221 488 391 562; x_wconf 67' lang='lat' dir='ltr'>direstum.</span> <span class='ocrx_word' id='word_1_24' title='bbox 441 493 596 559; x_wconf 86' lang='lat' dir='ltr'>Ponamus</span> <span class='ocrx_word' id='word_1_25' title='bbox 608 489 724 582; x_wconf 80' lang='lat' dir='ltr'>primo,</span> <span class='ocrx_word' id='word_1_26' title='bbox 739 482 831 579; x_wconf 92' lang='lat' dir='ltr'>quod</span> <span class='ocrx_word' id='word_1_27' title='bbox 843 483 877 556; x_wconf 93' lang='lat' dir='ltr'>id</span> <span class='ocrx_word' id='word_1_28' title='bbox 889 486 1044 578; x_wconf 82' lang='lat' dir='ltr'>quiescit:</span> 
     </span>
    </p>

    <p class='ocr_par' dir='ltr' id='par_1_5' title="bbox 63 581 1044 685">
     <span class='ocr_line' id='line_1_5' title="bbox 63 581 1044 685; baseline -0.004 -26"><span class='ocrx_word' id='word_1_29' title='bbox 63 591 159 682; x_wconf 89' lang='lat' dir='ltr'>inque</span> <span class='ocrx_word' id='word_1_30' title='bbox 181 613 197 656; x_wconf 86' lang='lat' dir='ltr'>s</span> <span class='ocrx_word' id='word_1_31' title='bbox 220 594 254 659; x_wconf 70' lang='grc' dir='ltr'>δι</span> <span class='ocrx_word' id='word_1_32' title='bbox 271 608 295 685; x_wconf 85' lang='lat' dir='ltr'>p</span> <span class='ocrx_word' id='word_1_33' title='bbox 321 587 466 656; x_wconf 91' lang='lat' dir='ltr'>locentur</span> <span class='ocrx_word' id='word_1_34' title='bbox 486 607 617 680; x_wconf 85' lang='lat' dir='ltr'>oorpora</span> <span class='ocrx_word' id='word_1_35' title='bbox 635 581 725 660; x_wconf 88' lang='lat' dir='ltr'>duo:</span> <span class='ocrx_word' id='word_1_36' title='bbox 760 583 925 667; x_wconf 85' lang='lat' dir='ltr'>immobile</span> <span class='ocrx_word' id='word_1_37' title='bbox 949 585 982 655; x_wconf 92' lang='lat' dir='ltr'>in</span> <span class='ocrx_word' id='word_1_38' title='bbox 1002 611 1044 666; x_wconf 70' lang='grc' dir='ltr'>,νς</span> 
     </span>
    </p>

    <p class='ocr_par' dir='ltr' id='par_1_6' title="bbox 62 678 1050 780">
     <span class='ocr_line' id='line_1_6' title="bbox 62 678 1050 780; baseline -0.003 -24"><span class='ocrx_word' id='word_1_39' title='bbox 62 691 99 756; x_wconf 86' lang='lat'><strong>&amp;</strong></span> <span class='ocrx_word' id='word_1_40' title='bbox 116 683 281 756; x_wconf 81' lang='lat' dir='ltr'>mobisein</span> <span class='ocrx_word' id='word_1_41' title='bbox 300 706 348 780; x_wconf 84' lang='lat' dir='ltr'>p:</span> <span class='ocrx_word' id='word_1_42' title='bbox 376 683 560 779; x_wconf 88' lang='lat' dir='ltr'>corporibus</span> <span class='ocrx_word' id='word_1_43' title='bbox 584 687 610 749; x_wconf 91' lang='lat' dir='ltr'><em>S</em></span> <span class='ocrx_word' id='word_1_44' title='bbox 633 687 666 751; x_wconf 75' lang='grc' dir='ltr'>δι</span> <span class='ocrx_word' id='word_1_45' title='bbox 688 686 717 748; x_wconf 89' lang='lat' dir='ltr'><em>P</em></span> <span class='ocrx_word' id='word_1_46' title='bbox 739 679 914 776; x_wconf 66' lang='lat' dir='ltr'>respedtive</span> <span class='ocrx_word' id='word_1_47' title='bbox 934 678 1050 763; x_wconf 77' lang='lat' dir='ltr'>similia</span> 
     </span>
    </p>

    <p class='ocr_par' dir='ltr' id='par_1_7' title="bbox 61 777 1047 878">
     <span class='ocr_line' id='line_1_7' title="bbox 61 777 1047 878; baseline -0.005 -25"><span class='ocrx_word' id='word_1_48' title='bbox 61 789 97 853; x_wconf 74' lang='grc' dir='ltr'>δε</span> <span class='ocrx_word' id='word_1_49' title='bbox 118 783 259 874; x_wconf 85' lang='lat' dir='ltr'>aequalia.</span> <span class='ocrx_word' id='word_1_50' title='bbox 308 778 396 850; x_wconf 83' lang='lat' dir='ltr'>Dein</span> <span class='ocrx_word' id='word_1_51' title='bbox 419 799 546 878; x_wconf 84' lang='lat' dir='ltr'>tangant</span> <span class='ocrx_word' id='word_1_52' title='bbox 572 777 668 848; x_wconf 69' lang='lat' dir='ltr'>redae</span> <span class='ocrx_word' id='word_1_53' title='bbox 692 783 769 847; x_wconf 83' lang='lat' dir='ltr'>PR.</span> <span class='ocrx_word' id='word_1_54' title='bbox 795 783 829 846; x_wconf 90' lang='lat'>&amp;</span> <span class='ocrx_word' id='word_1_55' title='bbox 849 802 907 874; x_wconf 88' lang='lat' dir='ltr'>pr.</span> <span class='ocrx_word' id='word_1_56' title='bbox 933 803 1047 858; x_wconf 87' lang='lat' dir='ltr'>curvas</span> 
     </span>
    </p>

    <p class='ocr_par' dir='ltr' id='par_1_8' title="bbox 59 873 1183 980">
     <span class='ocr_line' id='line_1_8' title="bbox 59 873 1183 980; baseline -0.005 -31"><span class='ocrx_word' id='word_1_57' title='bbox 59 885 144 980; x_wconf 64' lang='grc' dir='ltr'>1),ος</span> <span class='ocrx_word' id='word_1_58' title='bbox 167 886 276 976; x_wconf 70' lang='grc' dir='ltr'><em>διᾳᾳ.</em></span> <span class='ocrx_word' id='word_1_59' title='bbox 302 879 334 948; x_wconf 94' lang='lat' dir='ltr'>in</span> <span class='ocrx_word' id='word_1_60' title='bbox 358 884 396 946; x_wconf 90' lang='lat' dir='ltr'>P.</span> <span class='ocrx_word' id='word_1_61' title='bbox 424 884 457 948; x_wconf 75' lang='grc' dir='ltr'>δι</span> <span class='ocrx_word' id='word_1_62' title='bbox 476 900 509 977; x_wconf 88' lang='lat' dir='ltr'>p.</span> <span class='ocrx_word' id='word_1_63' title='bbox 536 880 570 945; x_wconf 90' lang='lat'>&amp;</span> <span class='ocrx_word' id='word_1_64' title='bbox 592 873 808 971; x_wconf 85' lang='lat' dir='ltr'>producantur</span> <span class='ocrx_word' id='word_1_65' title='bbox 834 881 972 972; x_wconf 68' lang='lat' dir='ltr'>Q&amp;</span> <span class='ocrx_word' id='word_1_66' title='bbox 994 902 1045 947; x_wconf 84' lang='lat' dir='ltr'>s.</span> <span class='ocrx_word' id='word_1_67' title='bbox 1178 910 1183 922; x_wconf 87' lang='lat'>-</span> 
     </span>
    </p>

    <p class='ocr_par' dir='ltr' id='par_1_9' title="bbox 63 902 1124 1065">
     <span class='ocr_line' id='line_1_9' title="bbox 63 902 1124 1065; baseline -0.002 -19"><span class='ocrx_word' id='word_1_68' title='bbox 63 973 103 1046; x_wconf 93' lang='lat' dir='ltr'>ad</span> <span class='ocrx_word' id='word_1_69' title='bbox 117 984 158 1046; x_wconf 91' lang='lat' dir='ltr'>R.</span> <span class='ocrx_word' id='word_1_70' title='bbox 179 983 213 1046; x_wconf 90' lang='lat'>&amp;</span> <span class='ocrx_word' id='word_1_71' title='bbox 232 1003 260 1047; x_wconf 91' lang='lat' dir='ltr'>r.</span> <span class='ocrx_word' id='word_1_72' title='bbox 310 980 357 1046; x_wconf 90' lang='lat' dir='ltr'>Et</span> <span class='ocrx_word' id='word_1_73' title='bbox 370 975 415 1044; x_wconf 94' lang='lat' dir='ltr'>ob</span> <span class='ocrx_word' id='word_1_74' title='bbox 430 969 713 1065; x_wconf 28' lang='lat' dir='ltr'>similitudinemlfi</span> <span class='ocrx_word' id='word_1_75' title='bbox 737 993 868 1045; x_wconf 83' lang='lat' dir='ltr'>tuarum</span> <span class='ocrx_word' id='word_1_76' title='bbox 889 902 1045 1044; x_wconf 52' lang='lat' dir='ltr'>CPRd</span> <span class='ocrx_word' id='word_1_77' title='bbox 1122 967 1124 982; x_wconf 86' lang='lat'>&#39;</span> 
     </span>
    </p>

    <p class='ocr_par' dir='ltr' id='par_1_10' title="bbox 62 996 1057 1262">
     <span class='ocr_line' id='line_1_10' title="bbox 62 996 1057 1174; baseline 0 -34"><span class='ocrx_word' id='word_1_78' title='bbox 62 1099 75 1140; x_wconf 92' lang='lat' dir='ltr'><em>s</em></span> <span class='ocrx_word' id='word_1_79' title='bbox 106 1099 159 1168; x_wconf 84' lang='lat' dir='ltr'>rq.</span> <span class='ocrx_word' id='word_1_80' title='bbox 185 1073 246 1144; x_wconf 90' lang='lat' dir='ltr'>erit</span> <span class='ocrx_word' id='word_1_81' title='bbox 272 1078 359 1174; x_wconf 62' lang='lat' dir='ltr'>RQ</span> <span class='ocrx_word' id='word_1_82' title='bbox 382 1069 422 1144; x_wconf 81' lang='lat' dir='ltr'>ad</span> <span class='ocrx_word' id='word_1_83' title='bbox 445 1099 498 1169; x_wconf 84' lang='lat' dir='ltr'>rq‚</span> <span class='ocrx_word' id='word_1_84' title='bbox 524 1091 563 1141; x_wconf 96' lang='lat' dir='ltr'>ut</span> <span class='ocrx_word' id='word_1_85' title='bbox 589 1076 661 1145; x_wconf 75' lang='grc' dir='ltr'>ΟΡ,</span> <span class='ocrx_word' id='word_1_86' title='bbox 687 996 736 1139; x_wconf 72' lang='lat' dir='ltr'>ad</span> <span class='ocrx_word' id='word_1_87' title='bbox 750 1092 811 1164; x_wconf 84' lang='lat' dir='ltr'>sp:</span> <span class='ocrx_word' id='word_1_88' title='bbox 844 1045 1057 1161; x_wconf 45' lang='lat' dir='ltr'>adeoque}</span> 
     </span>
     <span class='ocr_line' id='line_1_11' title="bbox 102 1165 1046 1262; baseline -0.002 -22"><span class='ocrx_word' id='word_1_89' title='bbox 102 1190 133 1240; x_wconf 91' lang='lat' dir='ltr'>ta</span> <span class='ocrx_word' id='word_1_90' title='bbox 149 1172 278 1241; x_wconf 87' lang='lat' dir='ltr'>ratione.</span> <span class='ocrx_word' id='word_1_91' title='bbox 305 1165 455 1249; x_wconf 86' lang='lat' dir='ltr'>Proinde,</span> <span class='ocrx_word' id='word_1_92' title='bbox 481 1165 580 1245; x_wconf 80' lang='lat' dir='ltr'>srvis,</span> <span class='ocrx_word' id='word_1_93' title='bbox 600 1191 666 1260; x_wconf 88' lang='lat' dir='ltr'>qua</span> <span class='ocrx_word' id='word_1_94' title='bbox 678 1189 791 1262; x_wconf 92' lang='lat' dir='ltr'>corpus</span> <span class='ocrx_word' id='word_1_95' title='bbox 809 1173 836 1235; x_wconf 90' lang='lat' dir='ltr'><em>P</em></span> <span class='ocrx_word' id='word_1_96' title='bbox 846 1165 957 1252; x_wconf 44' lang='lat' dir='ltr'>‘versus</span> <span class='ocrx_word' id='word_1_97' title='bbox 974 1191 1046 1238; x_wconf 90' lang='lat' dir='ltr'>cor·</span> 
     </span>
    </p>

    <p class='ocr_par' dir='ltr' id='par_1_11' title="bbox 60 1260 1046 1362">
     <span class='ocr_line' id='line_1_12' title="bbox 60 1260 1046 1362; baseline -0.003 -26"><span class='ocrx_word' id='word_1_98' title='bbox 60 1289 118 1362; x_wconf 90' lang='lat' dir='ltr'>pus</span> <span class='ocrx_word' id='word_1_99' title='bbox 142 1264 393 1358; x_wconf 61' lang='lat' dir='ltr'>S,‚atqueadeo</span> <span class='ocrx_word' id='word_1_100' title='bbox 404 1265 510 1343; x_wconf 86' lang='lat' dir='ltr'>versus</span> <span class='ocrx_word' id='word_1_101' title='bbox 525 1283 671 1336; x_wconf 87' lang='lat' dir='ltr'>centrum</span> <span class='ocrx_word' id='word_1_102' title='bbox 684 1260 910 1348; x_wconf 84' lang='lat' dir='ltr'>intermedium</span> <span class='ocrx_word' id='word_1_103' title='bbox 937 1270 972 1348; x_wconf 82' lang='lat' dir='ltr'>C,</span> <span class='ocrx_word' id='word_1_104' title='bbox 997 1284 1046 1336; x_wconf 54' lang='lat' dir='ltr'>at,</span> 
     </span>
    </p>

    <p class='ocr_par' dir='ltr' id='par_1_12' title="bbox 59 1359 1106 1459">
     <span class='ocr_line' id='line_1_13' title="bbox 59 1359 1106 1459; baseline -0.001 -26"><span class='ocrx_word' id='word_1_105' title='bbox 59 1360 210 1442; x_wconf 85' lang='lat' dir='ltr'>trahitur,</span> <span class='ocrx_word' id='word_1_106' title='bbox 233 1360 309 1432; x_wconf 89' lang='lat' dir='ltr'>esset</span> <span class='ocrx_word' id='word_1_107' title='bbox 325 1359 365 1432; x_wconf 89' lang='lat' dir='ltr'>ad</span> <span class='ocrx_word' id='word_1_108' title='bbox 379 1364 448 1433; x_wconf 92' lang='lat' dir='ltr'>vim</span> <span class='ocrx_word' id='word_1_109' title='bbox 465 1387 530 1455; x_wconf 85' lang='lat' dir='ltr'>qua</span> <span class='ocrx_word' id='word_1_110' title='bbox 550 1386 665 1459; x_wconf 90' lang='lat' dir='ltr'>corpus</span> <span class='ocrx_word' id='word_1_111' title='bbox 683 1384 706 1456; x_wconf 87' lang='lat' dir='ltr'><em>p</em></span> <span class='ocrx_word' id='word_1_112' title='bbox 728 1360 835 1443; x_wconf 81' lang='lat' dir='ltr'>versus</span> <span class='ocrx_word' id='word_1_113' title='bbox 862 1381 1008 1432; x_wconf 89' lang='lat' dir='ltr'>centrum</span> <span class='ocrx_word' id='word_1_114' title='bbox 1031 1387 1046 1440; x_wconf 77' lang='grc' dir='ltr'><em>ν</em></span> <span class='ocrx_word' id='word_1_115' title='bbox 1090 1398 1106 1449; x_wconf 55' lang='grc' dir='ltr'>ς</span> 
     </span>
    </p>

    <p class='ocr_par' dir='ltr' id='par_1_13' title="bbox 61 1454 1045 1552">
     <span class='ocr_line' id='line_1_14' title="bbox 61 1454 1045 1552; baseline -0.001 -25"><span class='ocrx_word' id='word_1_116' title='bbox 61 1455 228 1530; x_wconf 85' lang='lat' dir='ltr'>attrahitur</span> <span class='ocrx_word' id='word_1_117' title='bbox 247 1461 279 1529; x_wconf 93' lang='lat' dir='ltr'>in</span> <span class='ocrx_word' id='word_1_118' title='bbox 292 1455 401 1529; x_wconf 89' lang='lat' dir='ltr'>eadem</span> <span class='ocrx_word' id='word_1_119' title='bbox 415 1460 467 1530; x_wconf 87' lang='lat' dir='ltr'>illa</span> <span class='ocrx_word' id='word_1_120' title='bbox 487 1462 605 1531; x_wconf 89' lang='lat' dir='ltr'>ratione</span> <span class='ocrx_word' id='word_1_121' title='bbox 627 1457 712 1538; x_wconf 84' lang='lat' dir='ltr'>data,</span> <span class='ocrx_word' id='word_1_122' title='bbox 736 1454 787 1529; x_wconf 85' lang='lat' dir='ltr'>hae</span> <span class='ocrx_word' id='word_1_123' title='bbox 808 1459 892 1530; x_wconf 86' lang='lat' dir='ltr'>vires</span> <span class='ocrx_word' id='word_1_124' title='bbox 915 1459 1045 1552; x_wconf 53' lang='lat' dir='ltr'>aequali,</span> 
     </span>
    </p>

    <p class='ocr_par' dir='ltr' id='par_1_14' title="bbox 59 1553 1048 1654">
     <span class='ocr_line' id='line_1_15' title="bbox 59 1553 1048 1654; baseline 0.001 -29"><span class='ocrx_word' id='word_1_125' title='bbox 59 1555 120 1626; x_wconf 92' lang='lat' dir='ltr'>bus</span> <span class='ocrx_word' id='word_1_126' title='bbox 138 1555 333 1653; x_wconf 86' lang='lat' dir='ltr'>temporibus</span> <span class='ocrx_word' id='word_1_127' title='bbox 350 1553 535 1628; x_wconf 81' lang='lat' dir='ltr'>attraherent</span> <span class='ocrx_word' id='word_1_128' title='bbox 547 1557 665 1653; x_wconf 87' lang='lat' dir='ltr'>semper</span> <span class='ocrx_word' id='word_1_129' title='bbox 684 1579 817 1652; x_wconf 87' lang='lat' dir='ltr'>corpora</span> <span class='ocrx_word' id='word_1_130' title='bbox 834 1553 875 1631; x_wconf 85' lang='lat' dir='ltr'>de</span> <span class='ocrx_word' id='word_1_131' title='bbox 890 1558 1048 1654; x_wconf 53' lang='lat' dir='ltr'>tangenti*</span> 
     </span>
    </p>

    <p class='ocr_par' dir='ltr' id='par_1_15' title="bbox 61 1650 1046 1754">
     <span class='ocr_line' id='line_1_16' title="bbox 61 1650 1046 1754; baseline 0.004 -33"><span class='ocrx_word' id='word_1_132' title='bbox 61 1652 119 1721; x_wconf 90' lang='lat' dir='ltr'>bus</span> <span class='ocrx_word' id='word_1_133' title='bbox 143 1660 224 1725; x_wconf 86' lang='lat' dir='ltr'>PR.</span> <span class='ocrx_word' id='word_1_134' title='bbox 243 1676 266 1750; x_wconf 89' lang='lat' dir='ltr'>p</span> <span class='ocrx_word' id='word_1_135' title='bbox 282 1679 310 1724; x_wconf 90' lang='lat' dir='ltr'>r.</span> <span class='ocrx_word' id='word_1_136' title='bbox 336 1651 376 1724; x_wconf 87' lang='lat' dir='ltr'>ad</span> <span class='ocrx_word' id='word_1_137' title='bbox 396 1677 484 1725; x_wconf 91' lang='lat' dir='ltr'>arcus</span> <span class='ocrx_word' id='word_1_138' title='bbox 505 1659 534 1721; x_wconf 91' lang='lat' dir='ltr'><em>P</em></span> <span class='ocrx_word' id='word_1_139' title='bbox 548 1659 606 1754; x_wconf 61' lang='lat'>9&lt;</span> <span class='ocrx_word' id='word_1_140' title='bbox 616 1677 638 1750; x_wconf 89' lang='lat' dir='ltr'>p</span> <span class='ocrx_word' id='word_1_141' title='bbox 650 1680 682 1748; x_wconf 86' lang='grc' dir='ltr'>ᾳ.·</span> <span class='ocrx_word' id='word_1_142' title='bbox 706 1676 767 1748; x_wconf 91' lang='lat' dir='ltr'>per·</span> <span class='ocrx_word' id='word_1_143' title='bbox 790 1654 951 1724; x_wconf 87' lang='lat' dir='ltr'>intervalla</span> <span class='ocrx_word' id='word_1_144' title='bbox 973 1650 1046 1749; x_wconf 86' lang='lat' dir='ltr'>ipfis</span> 
     </span>
    </p>

    <p class='ocr_par' dir='ltr' id='par_1_16' title="bbox 60 1746 1147 1848">
     <span class='ocr_line' id='line_1_17' title="bbox 60 1746 1147 1848; baseline 0 -29"><span class='ocrx_word' id='word_1_145' title='bbox 60 1750 183 1822; x_wconf 85' lang='lat' dir='ltr'>-viribus</span> <span class='ocrx_word' id='word_1_146' title='bbox 195 1752 439 1848; x_wconf 86' lang='lat' dir='ltr'>proportionalia</span> <span class='ocrx_word' id='word_1_147' title='bbox 463 1754 547 1822; x_wconf 80' lang='grc' dir='ltr'>ΚΟ.</span> <span class='ocrx_word' id='word_1_148' title='bbox 574 1777 627 1846; x_wconf 96' lang='grc' dir='ltr'>νᾳ.</span> <span class='ocrx_word' id='word_1_149' title='bbox 654 1746 798 1842; x_wconf 89' lang='lat' dir='ltr'>adeoque</span> <span class='ocrx_word' id='word_1_150' title='bbox 818 1751 867 1828; x_wconf 75' lang='lat' dir='ltr'>vis</span> <span class='ocrx_word' id='word_1_151' title='bbox 889 1746 1046 1844; x_wconf 88' lang='lat' dir='ltr'>posterior</span> <span class='ocrx_word' id='word_1_152' title='bbox 1146 1822 1147 1825; x_wconf 63' lang='grc'>,</span> 
     </span>
    </p>

    <p class='ocr_par' dir='ltr' id='par_1_17' title="bbox 60 1823 1046 2012">
     <span class='ocr_line' id='line_1_18' title="bbox 60 1823 1046 2012; baseline 0.001 -97"><span class='ocrx_word' id='word_1_153' title='bbox 60 1842 202 1919; x_wconf 88' lang='lat' dir='ltr'>efficeret</span> <span class='ocrx_word' id='word_1_154' title='bbox 219 1869 257 1919; x_wconf 92' lang='lat' dir='ltr'>ut</span> <span class='ocrx_word' id='word_1_155' title='bbox 272 1871 384 1944; x_wconf 91' lang='lat' dir='ltr'>corpus</span> <span class='ocrx_word' id='word_1_156' title='bbox 403 1872 426 1945; x_wconf 92' lang='lat' dir='ltr'>p</span> <span class='ocrx_word' id='word_1_157' title='bbox 448 1823 618 1944; x_wconf 44' lang='lat' dir='ltr'>gyraretur</span> <span class='ocrx_word' id='word_1_158' title='bbox 633 1848 665 1919; x_wconf 93' lang='lat' dir='ltr'>in</span> <span class='ocrx_word' id='word_1_159' title='bbox 686 1871 783 1917; x_wconf 91' lang='lat' dir='ltr'>curva</span> <span class='ocrx_word' id='word_1_160' title='bbox 780 1868 886 2012; x_wconf 75' lang='lat' dir='ltr'>Hpqu,</span> <span class='ocrx_word' id='word_1_161' title='bbox 912 1869 985 1937; x_wconf 80' lang='lat' dir='ltr'>quae</span> <span class='ocrx_word' id='word_1_162' title='bbox 1005 1842 1046 1917; x_wconf 63' lang='lat' dir='ltr'>sie</span> 
     </span>
    </p>

    <p class='ocr_par' dir='ltr' id='par_1_18' title="bbox 59 1942 1043 2050">
     <span class='ocr_line' id='line_1_19' title="bbox 59 1942 1043 2050; baseline 0 -36"><span class='ocrx_word' id='word_1_163' title='bbox 59 1945 142 2015; x_wconf 85' lang='lat' dir='ltr'>milis</span> <span class='ocrx_word' id='word_1_164' title='bbox 152 1942 228 2017; x_wconf 87' lang='lat' dir='ltr'>esset</span> <span class='ocrx_word' id='word_1_165' title='bbox 243 1971 351 2017; x_wconf 84' lang='lat' dir='ltr'>curvae</span> <span class='ocrx_word' id='word_1_166' title='bbox 365 1953 392 2015; x_wconf 91' lang='lat' dir='ltr'><em>P</em></span> <span class='ocrx_word' id='word_1_167' title='bbox 398 1951 458 2050; x_wconf 56' lang='lat' dir='ltr'>‚Q</span> <span class='ocrx_word' id='word_1_168' title='bbox 442 1954 481 2023; x_wconf 89' lang='lat' dir='ltr'>V,</span> <span class='ocrx_word' id='word_1_169' title='bbox 491 1947 649 2037; x_wconf 89' lang='lat' dir='ltr'>inquavis</span> <span class='ocrx_word' id='word_1_170' title='bbox 661 1945 777 2039; x_wconf 90' lang='lat' dir='ltr'>priore</span> <span class='ocrx_word' id='word_1_171' title='bbox 817 1945 863 2014; x_wconf 91' lang='lat' dir='ltr'>cit</span> <span class='ocrx_word' id='word_1_172' title='bbox 878 1963 914 2024; x_wconf 89' lang='lat' dir='ltr'>ut</span> <span class='ocrx_word' id='word_1_173' title='bbox 928 1967 1043 2039; x_wconf 91' lang='lat' dir='ltr'>corpus</span> 
     </span>
    </p>

    <p class='ocr_par' dir='ltr' id='par_1_19' title="bbox 58 2039 1046 2138">
     <span class='ocr_line' id='line_1_20' title="bbox 58 2039 1046 2138; baseline 0.004 -31"><span class='ocrx_word' id='word_1_174' title='bbox 58 2046 86 2107; x_wconf 91' lang='lat' dir='ltr'><em>P</em></span> <span class='ocrx_word' id='word_1_175' title='bbox 109 2064 265 2138; x_wconf 86' lang='lat' dir='ltr'>gyretur:</span> <span class='ocrx_word' id='word_1_176' title='bbox 293 2050 327 2113; x_wconf 92' lang='lat'>&amp;</span> <span class='ocrx_word' id='word_1_177' title='bbox 339 2044 551 2114; x_wconf 89' lang='lat' dir='ltr'>revolutiones</span> <span class='ocrx_word' id='word_1_178' title='bbox 566 2041 677 2114; x_wconf 91' lang='lat' dir='ltr'>iisdem</span> <span class='ocrx_word' id='word_1_179' title='bbox 689 2039 885 2136; x_wconf 82' lang='lat' dir='ltr'>temporibus</span> <span class='ocrx_word' id='word_1_180' title='bbox 904 2042 1046 2137; x_wconf 65' lang='lat' dir='ltr'>complet·</span> 
     </span>
    </p>

    <p class='ocr_par' dir='ltr' id='par_1_20' title="bbox 57 2135 1046 2232">
     <span class='ocr_line' id='line_1_21' title="bbox 57 2135 1046 2232; baseline 0.003 -27"><span class='ocrx_word' id='word_1_181' title='bbox 57 2158 178 2208; x_wconf 91' lang='lat' dir='ltr'>rentur.</span> <span class='ocrx_word' id='word_1_182' title='bbox 227 2143 277 2210; x_wconf 85' lang='lat' dir='ltr'>At</span> <span class='ocrx_word' id='word_1_183' title='bbox 289 2141 440 2232; x_wconf 88' lang='lat' dir='ltr'>quoniam</span> <span class='ocrx_word' id='word_1_184' title='bbox 460 2142 541 2211; x_wconf 89' lang='lat' dir='ltr'>vires</span> <span class='ocrx_word' id='word_1_185' title='bbox 565 2142 625 2212; x_wconf 79' lang='lat' dir='ltr'>illa</span> <span class='ocrx_word' id='word_1_186' title='bbox 644 2163 705 2209; x_wconf 95' lang='lat' dir='ltr'>non</span> <span class='ocrx_word' id='word_1_187' title='bbox 721 2138 792 2209; x_wconf 91' lang='lat' dir='ltr'>sunt</span> <span class='ocrx_word' id='word_1_188' title='bbox 809 2135 999 2209; x_wconf 85' lang='lat' dir='ltr'>adinvicem</span> <span class='ocrx_word' id='word_1_189' title='bbox 1013 2140 1046 2208; x_wconf 88' lang='lat' dir='ltr'>in</span> 
     </span>
    </p>

    <p class='ocr_par' dir='ltr' id='par_1_21' title="bbox 58 2233 1046 2333">
     <span class='ocr_line' id='line_1_22' title="bbox 58 2233 1046 2333; baseline 0.002 -30"><span class='ocrx_word' id='word_1_190' title='bbox 58 2233 179 2303; x_wconf 87' lang='lat' dir='ltr'>ratione</span> <span class='ocrx_word' id='word_1_191' title='bbox 206 2241 266 2303; x_wconf 76' lang='grc' dir='ltr'>ΕΡ</span> <span class='ocrx_word' id='word_1_192' title='bbox 291 2234 332 2307; x_wconf 89' lang='lat' dir='ltr'>ad</span> <span class='ocrx_word' id='word_1_193' title='bbox 359 2265 372 2307; x_wconf 92' lang='lat' dir='ltr'>s</span> <span class='ocrx_word' id='word_1_194' title='bbox 377 2259 410 2333; x_wconf 80' lang='lat' dir='ltr'>p,</span> <span class='ocrx_word' id='word_1_195' title='bbox 426 2234 479 2307; x_wconf 93' lang='lat' dir='ltr'>sed</span> <span class='ocrx_word' id='word_1_196' title='bbox 497 2238 557 2320; x_wconf 93' lang='lat' dir='ltr'>(ob</span> <span class='ocrx_word' id='word_1_197' title='bbox 576 2235 817 2308; x_wconf 80' lang='lat' dir='ltr'>similitudinem</span> <span class='ocrx_word' id='word_1_198' title='bbox 831 2241 866 2305; x_wconf 76' lang='grc' dir='ltr'>δι</span> <span class='ocrx_word' id='word_1_199' title='bbox 882 2237 1046 2328; x_wconf 57' lang='lat' dir='ltr'>aequalitav</span> 
     </span>
    </p>

    <p class='ocr_par' dir='ltr' id='par_1_22' title="bbox 60 2330 1045 2429">
     <span class='ocr_line' id='line_1_23' title="bbox 60 2330 1045 2429; baseline 0.008 -30"><span class='ocrx_word' id='word_1_200' title='bbox 60 2350 130 2399; x_wconf 85' lang='lat' dir='ltr'>tem</span> <span class='ocrx_word' id='word_1_201' title='bbox 142 2352 313 2425; x_wconf 90' lang='lat' dir='ltr'>corporum</span> <span class='ocrx_word' id='word_1_202' title='bbox 337 2340 363 2401; x_wconf 86' lang='lat' dir='ltr'><em>S</em></span> <span class='ocrx_word' id='word_1_203' title='bbox 386 2340 419 2402; x_wconf 92' lang='lat'>&amp;</span> <span class='ocrx_word' id='word_1_204' title='bbox 443 2360 468 2402; x_wconf 90' lang='lat' dir='ltr'>s.</span> <span class='ocrx_word' id='word_1_205' title='bbox 492 2341 519 2402; x_wconf 93' lang='lat' dir='ltr'><em>P</em></span> <span class='ocrx_word' id='word_1_206' title='bbox 545 2341 579 2404; x_wconf 89' lang='lat'>&amp;</span> <span class='ocrx_word' id='word_1_207' title='bbox 596 2357 628 2429; x_wconf 89' lang='lat' dir='ltr'>p.</span> <span class='ocrx_word' id='word_1_208' title='bbox 654 2340 687 2404; x_wconf 90' lang='lat'>&amp;</span> <span class='ocrx_word' id='word_1_209' title='bbox 700 2330 1045 2426; x_wconf 75' lang='lat' dir='ltr'>aequalitatemdistam</span> 
     </span>
    </p>

    <p class='ocr_par' dir='ltr' id='par_1_23' title="bbox 58 2426 1107 2527">
     <span class='ocr_line' id='line_1_24' title="bbox 58 2426 1107 2527; baseline 0.004 -31"><span class='ocrx_word' id='word_1_210' title='bbox 58 2428 176 2496; x_wconf 80' lang='lat' dir='ltr'>riarum</span> <span class='ocrx_word' id='word_1_211' title='bbox 200 2433 268 2496; x_wconf 86' lang='lat' dir='ltr'>SP.</span> <span class='ocrx_word' id='word_1_212' title='bbox 294 2439 356 2523; x_wconf 83' lang='lat' dir='ltr'>sp.)</span> <span class='ocrx_word' id='word_1_213' title='bbox 372 2426 445 2498; x_wconf 83' lang='lat' dir='ltr'>sibi</span> <span class='ocrx_word' id='word_1_214' title='bbox 456 2450 573 2500; x_wconf 93' lang='lat' dir='ltr'>mutuo</span> <span class='ocrx_word' id='word_1_215' title='bbox 592 2433 738 2522; x_wconf 84' lang='lat' dir='ltr'>aequales,</span> <span class='ocrx_word' id='word_1_216' title='bbox 766 2455 896 2527; x_wconf 89' lang='lat' dir='ltr'>corpora</span> <span class='ocrx_word' id='word_1_217' title='bbox 912 2431 1043 2522; x_wconf 70' lang='lat' dir='ltr'>equali·</span> <span class='ocrx_word' id='word_1_218' title='bbox 1106 2478 1107 2483; x_wconf 22' lang='grc' dir='ltr'><strong>κ</strong></span> 
     </span>
    </p>

    <p class='ocr_par' dir='ltr' id='par_1_24' title="bbox 57 2523 1045 2623">
     <span class='ocr_line' id='line_1_25' title="bbox 57 2523 1045 2623; baseline 0.004 -31"><span class='ocrx_word' id='word_1_219' title='bbox 57 2524 117 2593; x_wconf 89' lang='lat' dir='ltr'>bus</span> <span class='ocrx_word' id='word_1_220' title='bbox 129 2523 324 2619; x_wconf 88' lang='lat' dir='ltr'>temporibus</span> <span class='ocrx_word' id='word_1_221' title='bbox 334 2528 501 2617; x_wconf 68' lang='lat' dir='ltr'>equaliter</span> <span class='ocrx_word' id='word_1_222' title='bbox 515 2525 677 2598; x_wconf 91' lang='lat' dir='ltr'>trahentur</span> <span class='ocrx_word' id='word_1_223' title='bbox 693 2525 733 2597; x_wconf 92' lang='lat' dir='ltr'>de</span> <span class='ocrx_word' id='word_1_224' title='bbox 750 2526 973 2623; x_wconf 84' lang='lat' dir='ltr'>tangentibus3</span> <span class='ocrx_word' id='word_1_225' title='bbox 1011 2534 1045 2596; x_wconf 83' lang='grc' dir='ltr'>δι</span> 
     </span>
    </p>

    <p class='ocr_par' dir='ltr' id='par_1_25' title="bbox 57 2621 1046 2719">
     <span class='ocr_line' id='line_1_26' title="bbox 57 2621 1046 2719; baseline 0.002 -29"><span class='ocrx_word' id='word_1_226' title='bbox 57 2641 220 2717; x_wconf 87' lang='lat' dir='ltr'>propterea</span> <span class='ocrx_word' id='word_1_227' title='bbox 235 2642 273 2693; x_wconf 94' lang='lat' dir='ltr'>ut</span> <span class='ocrx_word' id='word_1_228' title='bbox 288 2646 400 2718; x_wconf 92' lang='lat' dir='ltr'>corpus</span> <span class='ocrx_word' id='word_1_229' title='bbox 414 2621 567 2718; x_wconf 86' lang='lat' dir='ltr'>posterius</span> <span class='ocrx_word' id='word_1_230' title='bbox 584 2649 606 2719; x_wconf 92' lang='lat' dir='ltr'>p</span> <span class='ocrx_word' id='word_1_231' title='bbox 630 2621 769 2695; x_wconf 90' lang='lat' dir='ltr'>trahatur</span> <span class='ocrx_word' id='word_1_232' title='bbox 776 2647 831 2719; x_wconf 92' lang='lat' dir='ltr'>per</span> <span class='ocrx_word' id='word_1_233' title='bbox 842 2623 1046 2703; x_wconf 82' lang='lat' dir='ltr'>intervalium</span> 
     </span>
    </p>

    <p class='ocr_par' dir='ltr' id='par_1_26' title="bbox 58 2717 1071 2817">
     <span class='ocr_line' id='line_1_27' title="bbox 58 2717 1071 2817; baseline 0.001 -30"><span class='ocrx_word' id='word_1_234' title='bbox 58 2717 159 2808; x_wconf 89' lang='lat' dir='ltr'>majus</span> <span class='ocrx_word' id='word_1_235' title='bbox 183 2745 234 2813; x_wconf 92' lang='grc' dir='ltr'>νᾳ.</span> <span class='ocrx_word' id='word_1_236' title='bbox 259 2721 434 2812; x_wconf 89' lang='lat' dir='ltr'>requiritur</span> <span class='ocrx_word' id='word_1_237' title='bbox 451 2741 573 2817; x_wconf 91' lang='lat' dir='ltr'>tempus</span> <span class='ocrx_word' id='word_1_238' title='bbox 584 2721 693 2809; x_wconf 81' lang='lat' dir='ltr'>majus,</span> <span class='ocrx_word' id='word_1_239' title='bbox 720 2717 864 2812; x_wconf 68' lang='lat' dir='ltr'>idque&#39;in</span> <span class='ocrx_word' id='word_1_240' title='bbox 878 2717 1071 2813; x_wconf 51' lang='lat' dir='ltr'>subdupli-¹</span> 
     </span>
    </p>

    <p class='ocr_par' dir='ltr' id='par_1_27' title="bbox 56 2813 1045 2915">
     <span class='ocr_line' id='line_1_28' title="bbox 56 2813 1045 2915; baseline -0.001 -31"><span class='ocrx_word' id='word_1_241' title='bbox 56 2836 125 2886; x_wconf 83' lang='lat' dir='ltr'>tata</span> <span class='ocrx_word' id='word_1_242' title='bbox 144 2817 261 2886; x_wconf 90' lang='lat' dir='ltr'>ratione</span> <span class='ocrx_word' id='word_1_243' title='bbox 280 2819 520 2888; x_wconf 88' lang='lat' dir='ltr'>intervallorum</span> <span class='ocrx_word' id='word_1_244' title='bbox 525 2845 536 2900; x_wconf 83' lang='lat'>3</span> <span class='ocrx_word' id='word_1_245' title='bbox 571 2836 733 2915; x_wconf 90' lang='lat' dir='ltr'>propterea</span> <span class='ocrx_word' id='word_1_246' title='bbox 749 2815 840 2912; x_wconf 87' lang='lat' dir='ltr'>quod</span> <span class='ocrx_word' id='word_1_247' title='bbox 861 2815 954 2912; x_wconf 88' lang='lat' dir='ltr'>spatia</span> <span class='ocrx_word' id='word_1_248' title='bbox 978 2813 1045 2912; x_wconf 80' lang='lat' dir='ltr'>ipso</span> 
     </span>
    </p>

    <p class='ocr_par' dir='ltr' id='par_1_28' title="bbox 55 2911 1038 3011">
     <span class='ocr_line' id='line_1_29' title="bbox 55 2911 1038 3011; baseline 0.005 -31"><span class='ocrx_word' id='word_1_249' title='bbox 55 2933 162 2983; x_wconf 90' lang='lat' dir='ltr'>motus</span> <span class='ocrx_word' id='word_1_250' title='bbox 175 2913 268 2983; x_wconf 84' lang='lat' dir='ltr'>initio</span> <span class='ocrx_word' id='word_1_251' title='bbox 279 2911 433 3011; x_wconf 86' lang='lat' dir='ltr'>descripta</span> <span class='ocrx_word' id='word_1_252' title='bbox 447 2915 516 2986; x_wconf 93' lang='lat' dir='ltr'>sunt</span> <span class='ocrx_word' id='word_1_253' title='bbox 532 2917 564 2985; x_wconf 87' lang='lat' dir='ltr'>in</span> <span class='ocrx_word' id='word_1_254' title='bbox 585 2914 746 3011; x_wconf 88' lang='lat' dir='ltr'>duplicata</span> <span class='ocrx_word' id='word_1_255' title='bbox 1036 2938 1038 2944; x_wconf 90' lang='lat'>·</span> 
     </span>
    </p>

    <p class='ocr_par' dir='ltr' id='par_1_29' title="bbox 55 3011 746 3109">
     <span class='ocr_line' id='line_1_30' title="bbox 55 3011 746 3109; baseline 0.006 -31"><span class='ocrx_word' id='word_1_256' title='bbox 55 3011 173 3080; x_wconf 88' lang='lat' dir='ltr'>ratione</span> <span class='ocrx_word' id='word_1_257' title='bbox 192 3029 386 3105; x_wconf 84' lang='lat' dir='ltr'>temporum.</span> <span class='ocrx_word' id='word_1_258' title='bbox 419 3019 557 3087; x_wconf 80' lang='lat' dir='ltr'>Ponatur</span> <span class='ocrx_word' id='word_1_259' title='bbox 577 3015 677 3109; x_wconf 85' lang='lat' dir='ltr'>igitur</span> <span class='ocrx_word' id='word_1_260' title='bbox 690 3036 746 3083; x_wconf 90' lang='lat' dir='ltr'>ve·</span> 
     </span>
    </p>

    <p class='ocr_par' dir='ltr' id='par_1_30' title="bbox 56 3107 1043 3204">
     <span class='ocr_line' id='line_1_31' title="bbox 56 3107 1043 3204; baseline 0.005 -29"><span class='ocrx_word' id='word_1_261' title='bbox 56 3107 167 3177; x_wconf 89' lang='lat' dir='ltr'>locitas</span> <span class='ocrx_word' id='word_1_262' title='bbox 186 3110 326 3203; x_wconf 91' lang='lat' dir='ltr'>corporis</span> <span class='ocrx_word' id='word_1_263' title='bbox 344 3131 377 3203; x_wconf 90' lang='lat' dir='ltr'>p,</span> <span class='ocrx_word' id='word_1_264' title='bbox 403 3107 463 3180; x_wconf 93' lang='lat' dir='ltr'>esse</span> <span class='ocrx_word' id='word_1_265' title='bbox 487 3108 527 3181; x_wconf 90' lang='lat' dir='ltr'>ad</span> <span class='ocrx_word' id='word_1_266' title='bbox 549 3112 760 3196; x_wconf 47' lang='lat' dir='ltr'>uelocitatem&lt;</span> <span class='ocrx_word' id='word_1_267' title='bbox 773 3111 914 3204; x_wconf 89' lang='lat' dir='ltr'>corporis</span> <span class='ocrx_word' id='word_1_268' title='bbox 938 3116 977 3190; x_wconf 72' lang='grc' dir='ltr'>Ρ,</span> <span class='ocrx_word' id='word_1_269' title='bbox 1011 3110 1043 3192; x_wconf 83' lang='lat' dir='ltr'>in</span> 
     </span>
    </p>

    <p class='ocr_par' dir='ltr' id='par_1_31' title="bbox 55 3200 1040 3302">
     <span class='ocr_line' id='line_1_32' title="bbox 55 3200 1040 3302; baseline 0.005 -31"><span class='ocrx_word' id='word_1_270' title='bbox 55 3200 273 3298; x_wconf 90' lang='lat' dir='ltr'>subduplicata</span> <span class='ocrx_word' id='word_1_271' title='bbox 296 3208 414 3279; x_wconf 88' lang='lat' dir='ltr'>ratione</span> <span class='ocrx_word' id='word_1_272' title='bbox 428 3205 582 3278; x_wconf 77' lang='lat' dir='ltr'>distantia</span> <span class='ocrx_word' id='word_1_273' title='bbox 606 3229 640 3302; x_wconf 84' lang='lat' dir='ltr'>sp</span> <span class='ocrx_word' id='word_1_274' title='bbox 665 3202 704 3277; x_wconf 90' lang='lat' dir='ltr'>ad</span> <span class='ocrx_word' id='word_1_275' title='bbox 717 3203 897 3279; x_wconf 80' lang='lat' dir='ltr'>distantiam</span> <span class='ocrx_word' id='word_1_276' title='bbox 913 3213 982 3275; x_wconf 71' lang='grc' dir='ltr'>ΟΡ.</span> <span class='ocrx_word' id='word_1_277' title='bbox 1000 3231 1040 3276; x_wconf 86' lang='lat' dir='ltr'>eo</span> 
     </span>
    </p>

    <p class='ocr_par' dir='ltr' id='par_1_32' title="bbox 54 3300 1038 3397">
     <span class='ocr_line' id='line_1_33' title="bbox 54 3300 1038 3397; baseline 0.004 -28"><span class='ocrx_word' id='word_1_278' title='bbox 54 3319 93 3369; x_wconf 92' lang='lat' dir='ltr'>ut</span> <span class='ocrx_word' id='word_1_279' title='bbox 108 3300 302 3397; x_wconf 89' lang='lat' dir='ltr'>temporibus</span> <span class='ocrx_word' id='word_1_280' title='bbox 321 3328 394 3394; x_wconf 83' lang='lat' dir='ltr'>quae</span> <span class='ocrx_word' id='word_1_281' title='bbox 411 3302 471 3374; x_wconf 89' lang='lat' dir='ltr'>srnt</span> <span class='ocrx_word' id='word_1_282' title='bbox 496 3306 527 3375; x_wconf 90' lang='lat' dir='ltr'>in</span> <span class='ocrx_word' id='word_1_283' title='bbox 549 3301 658 3374; x_wconf 84' lang='lat' dir='ltr'>eadem</span> <span class='ocrx_word' id='word_1_284' title='bbox 681 3301 901 3397; x_wconf 80' lang='lat' dir='ltr'>subduplicata</span> <span class='ocrx_word' id='word_1_285' title='bbox 918 3303 1038 3373; x_wconf 87' lang='lat' dir='ltr'>ratione</span> 
     </span>
    </p>

    <p class='ocr_par' dir='ltr' id='par_1_33' title="bbox 53 3393 1041 3496">
     <span class='ocr_line' id='line_1_34' title="bbox 53 3393 1041 3496; baseline 0.002 -31"><span class='ocrx_word' id='word_1_286' title='bbox 53 3393 268 3468; x_wconf 84' lang='lat' dir='ltr'>describantur</span> <span class='ocrx_word' id='word_1_287' title='bbox 284 3425 372 3470; x_wconf 85' lang='lat' dir='ltr'>arcus</span> <span class='ocrx_word' id='word_1_288' title='bbox 396 3409 422 3469; x_wconf 91' lang='lat' dir='ltr'><em>P</em></span> <span class='ocrx_word' id='word_1_289' title='bbox 428 3408 475 3492; x_wconf 78' lang='lat' dir='ltr'>Q.</span> <span class='ocrx_word' id='word_1_290' title='bbox 495 3424 551 3496; x_wconf 83' lang='lat' dir='ltr'>pq.</span> <span class='ocrx_word' id='word_1_291' title='bbox 577 3403 635 3492; x_wconf 88' lang='lat' dir='ltr'>qui</span> <span class='ocrx_word' id='word_1_292' title='bbox 651 3400 719 3494; x_wconf 91' lang='lat' dir='ltr'>sunt</span> <span class='ocrx_word' id='word_1_293' title='bbox 732 3401 763 3470; x_wconf 92' lang='lat' dir='ltr'>in</span> <span class='ocrx_word' id='word_1_294' title='bbox 771 3401 889 3471; x_wconf 89' lang='lat' dir='ltr'>ratione</span> <span class='ocrx_word' id='word_1_295' title='bbox 900 3401 1041 3495; x_wconf 71' lang='lat' dir='ltr'>integra,</span> 
     </span>
    </p>

    <p class='ocr_par' dir='ltr' id='par_1_34' title="bbox 56 3490 1040 3593">
     <span class='ocr_line' id='line_1_35' title="bbox 56 3490 1040 3593; baseline 0.008 -31"><span class='ocrx_word' id='word_1_296' title='bbox 56 3491 122 3563; x_wconf 81' lang='lat' dir='ltr'>sive</span> <span class='ocrx_word' id='word_1_297' title='bbox 134 3496 216 3567; x_wconf 91' lang='lat' dir='ltr'>inter</span> <span class='ocrx_word' id='word_1_298' title='bbox 227 3495 257 3565; x_wconf 89' lang='lat' dir='ltr'>se</span> <span class='ocrx_word' id='word_1_299' title='bbox 270 3494 395 3568; x_wconf 83' lang='lat' dir='ltr'>similes.</span> <span class='ocrx_word' id='word_1_300' title='bbox 445 3490 636 3593; x_wconf 69' lang='lat' dir='ltr'>PJt&#39;corpora</span> <span class='ocrx_word' id='word_1_301' title='bbox 661 3506 698 3567; x_wconf 91' lang='lat' dir='ltr'>P.</span> <span class='ocrx_word' id='word_1_302' title='bbox 706 3520 736 3592; x_wconf 89' lang='lat' dir='ltr'>p</span> <span class='ocrx_word' id='word_1_303' title='bbox 762 3496 884 3569; x_wconf 85' lang='lat' dir='ltr'>viribus</span> <span class='ocrx_word' id='word_1_304' title='bbox 909 3498 1040 3589; x_wconf 68' lang='lat' dir='ltr'>aqualia</span> 
     </span>
    </p>
   </div>
   <div class='ocr_carea' id='block_1_3' title="bbox 794 2971 1006 3046">
    <p class='ocr_par' dir='ltr' id='par_1_35' title="bbox 794 2971 1006 3046">
     <span class='ocr_line' id='line_1_36' title="bbox 794 2971 1006 3046; baseline -0.005 -22"><span class='ocrx_word' id='word_1_305' title='bbox 794 2974 867 3046; x_wconf 82' lang='lat' dir='ltr'>Prop.</span> <span class='ocrx_word' id='word_1_306' title='bbox 885 2983 913 3042; x_wconf 87' lang='lat'>4.</span> <span class='ocrx_word' id='word_1_307' title='bbox 925 2971 1006 3046; x_wconf 69' lang='lat' dir='ltr'>prius,</span> 
     </span>
    </p>
   </div>
   <div class='ocr_carea' id='block_1_4' title="bbox 49 3585 1120 3908">
    <p class='ocr_par' dir='ltr' id='par_1_36' title="bbox 49 3585 1120 3908">
     <span class='ocr_line' id='line_1_37' title="bbox 52 3585 1041 3704; baseline 0.007 -47"><span class='ocrx_word' id='word_1_308' title='bbox 52 3585 114 3660; x_wconf 87' lang='lat' dir='ltr'>bus</span> <span class='ocrx_word' id='word_1_309' title='bbox 134 3589 253 3686; x_wconf 88' lang='lat' dir='ltr'>semper</span> <span class='ocrx_word' id='word_1_310' title='bbox 268 3596 398 3665; x_wconf 73' lang='lat' dir='ltr'>attrada</span> <span class='ocrx_word' id='word_1_311' title='bbox 408 3592 583 3673; x_wconf 84' lang='lat' dir='ltr'>describent</span> <span class='ocrx_word' id='word_1_312' title='bbox 597 3596 719 3668; x_wconf 87' lang='lat' dir='ltr'>circum</span> <span class='ocrx_word' id='word_1_313' title='bbox 732 3615 837 3664; x_wconf 90' lang='lat' dir='ltr'>centra</span> <span class='ocrx_word' id='word_1_314' title='bbox 846 3593 1041 3704; x_wconf 81' lang='lat' dir='ltr'>quiescentia</span> 
     </span>
     <span class='ocr_line' id='line_1_38' title="bbox 49 3685 1063 3880; baseline -0.007 -114"><span class='ocrx_word' id='word_1_315' title='bbox 49 3692 85 3766; x_wconf 59' lang='lat' dir='ltr'>‘C</span> <span class='ocrx_word' id='word_1_316' title='bbox 109 3691 142 3757; x_wconf 87' lang='lat'><strong>&amp;</strong></span> <span class='ocrx_word' id='word_1_317' title='bbox 163 3713 179 3784; x_wconf 68' lang='grc' dir='ltr'><em>ν</em></span> <span class='ocrx_word' id='word_1_318' title='bbox 203 3685 317 3786; x_wconf 73' lang='lat' dir='ltr'>figuras</span> <span class='ocrx_word' id='word_1_319' title='bbox 334 3689 448 3793; x_wconf 70' lang='lat' dir='ltr'>similes</span> <span class='ocrx_word' id='word_1_320' title='bbox 472 3701 499 3789; x_wconf 75' lang='lat' dir='ltr'>l?</span> <span class='ocrx_word' id='word_1_321' title='bbox 505 3698 589 3796; x_wconf 50' lang='grc' dir='ltr'>Ψ.</span> <span class='ocrx_word' id='word_1_322' title='bbox 592 3715 701 3880; x_wconf 63' lang='grc' dir='ltr'>Ιᾳᾳᾳυ.</span> <span class='ocrx_word' id='word_1_323' title='bbox 716 3714 873 3790; x_wconf 79' lang='lat' dir='ltr'>quarum·</span> <span class='ocrx_word' id='word_1_324' title='bbox 887 3690 1042 3793; x_wconf 85' lang='lat' dir='ltr'>posterior</span> <span class='ocrx_word' id='word_1_325' title='bbox 1060 3698 1063 3705; x_wconf 72' lang='grc'><strong>“</strong></span> 
     </span>
     <span class='ocr_line' id='line_1_39' title="bbox 465 3810 1120 3908; baseline -0.002 -36.533"><span class='ocrx_word' id='word_1_326' title='bbox 465 3815 677 3895; x_wconf 96' lang='lat'>3</span> <span class='ocrx_word' id='word_1_327' title='bbox 957 3810 1120 3908; x_wconf 51' lang='lat' dir='ltr'>pqr¹</span> 
     </span>
    </p>
   </div>
   <div class='ocr_carea' id='block_1_5' title="bbox 0 0 1224 4328">
    <p class='ocr_par' dir='ltr' id='par_1_37' title="bbox 0 0 1224 4328">
     <span class='ocr_line' id='line_1_40' title="bbox 0 0 1224 4328; baseline 0 4"><span class='ocrx_word' id='word_1_328' title='bbox 0 0 1224 4328; x_wconf 95' lang='lat' dir='ltr'> </span> 
     </span>
    </p>
   </div>
  </div>
 </body>
</html>
