2438 4328
253 96 966 184 aursino-MArHaMArrcae:
1067 72 1116 212 ts'

124 249 194 348 pari
210 250 328 321 ratione
343 274 378 321 ac
394 269 540 320 centrum
553 247 691 341 cujusvis
703 252 845 348 corporis
858 246 905 320 est
916 243 1113 324 habendum.

123 345 254 418 >Eodem
265 345 364 418 modo
379 368 549 418 commune
558 367 701 419 centrum
712 348 877 445 gravitatis
884 345 1002 420 horum
1008 346 1115 422 crium

126 445 273 536 &quarti
281 443 479 536 cujusvisvel
490 445 684 536 quiescitvel
695 469 753 542 pro
792 441 1113 518 edituruniformiter

122 545 156 614 in
167 544 245 612 linea
260 543 363 624 reeta3
381 541 641 639 proptereaquod
648 543 733 615 abeo
743 471 1113 615 dbiditurdistantiain-

122 663 172 711 ter
184 661 329 712 centrum
339 641 504 736 gravitatis
512 661 681 712 commune
693 642 841 720 trium&
852 658 997 710 centrum
1005 640 1113 736 gravi-

118 738 193 808 ‘tatis
207 740 314 830 quarti
329 739 360 807 in
375 735 446 808 data
466 739 598 817 ratione,
624 739 749 834 corpori
764 761 875 834 nempe
897 741 932 806 &
949 733 1112 832 systemati

120 825 220 906 trium
239 859 411 930 corporum
434 839 614 930 reciproca:
642 844 676 906 &
698 834 742 905 sic
763 835 911 933 porroin
933 831 1111 907 infinitum.
1194 912 1196 918 ,

116 935 230 1028 ⁴Igitur
248 935 280 1003 in
293 929 464 1027 'systemate
482 957 664 1031 corporum,
690 955 763 1025 quae
779 930 1003 1003 odionibusin
1021 930 1050 1001 se
1062 932 1111 1002 in·

119 1033 227 1124 „vicem
241 1028 368 1121 aliisque
390 1030 537 1101 omnibus
559 1032 589 1099 in
614 1030 642 1099 se
665 1029 855 1100 extrinsecus
872 1024 1110 1123 impreffisom-

120 1129 196 1197 nino
213 1145 335 1205 vacant,
361 1125 504 1219 adeoque
520 1128 572 1198 vel
589 1126 770 1220 quiescunt,
796 1126 848 1197 vel
860 1145 1032 1196 moventur
1048 1122 1110 1197 sm·

117 1225 195 1321 'gula
216 1223 465 1295 uniformiterin
485 1221 740 1321 restis‘fingulis,
775 1245 944 1294 commune
964 1224 1111 1296 omnium
1186 1307 1192 1320 .

114 1339 266 1392 centrum
282 1322 447 1416 gravitatis
462 1322 514 1390 vel
535 1322 683 1413 quiescit,
698 1321 752 1393 vel
771 1338 924 1391 movetur
938 1317 1109 1391 uniformi·

120 1438 170 1492 ¹ter
181 1418 212 1486 in
225 1414 397 1487 directum.
430 1424 530 1487 Porro
550 1421 585 1490 in
600 1417 767 1515 systemate
779 1416 920 1489 duorum
934 1439 1109 1513 corporum
1153 1409 1159 1424 ’

101 1604 104 1610 ¹
120 1512 195 1584 inse
210 1513 348 1584 inuicem
366 1516 539 1609 agentium,
565 1540 641 1586 cum
657 1514 814 1619 distantiat
829 1533 1010 1585 centrorum
1026 1515 1109 1604 utri-

99 1614 101 1623 '
119 1609 220 1703 usque
240 1634 256 1679 a
271 1613 436 1710 communi
451 1609 619 1682 amborum
637 1614 801 1710 gravitatis
821 1631 930 1682 centro
948 1606 1009 1681 fint
1026 1613 1108 1684 reci·

118 1729 214 1803 proce
227 1726 265 1776 ut
280 1731 422 1802 corpora,
447 1728 540 1780 erunt
555 1728 662 1779 motus
675 1710 800 1780 relativi
812 1731 984 1803 corporum
991 1731 1107 1780 eorun-

117 1803 192 1875 dem
221 1801 286 1873 srve
311 1828 351 1874 ex
372 1805 568 1884 attractione,
594 1804 647 1875 seu
674 1807 710 1875 vi
736 1806 907 1899 centripeta
919 1829 931 1884 ;
959 1801 1025 1872 five
1043 1807 1106 1874 im·

116 1900 219 1996 pulsu,
245 1899 297 1971 seu
311 1902 346 1972 vi
363 1901 501 1972 centrisu
526 1899 726 1972 aaccedendi
741 1899 781 1973 ad
794 1921 938 1971 centrum
957 1896 1037 1969 illud
1053 1902 1106 1973 vel

115 1998 156 2067 ab
178 1995 293 2069 eodem
306 2018 415 2069 centro
428 1927 597 2076 recedendi
613 1999 747 2092 aequales
766 1999 847 2069 inter
864 1996 904 2076 se,
930 2001 965 2065 δι
984 1997 1106 2068 veloci·

116 2115 161 2163 tas
183 2091 317 2163 accessus
334 2098 386 2166 vel
402 2089 534 2166 recessus
547 2096 732 2193 corporibus
743 2095 906 2192 reciproce
922 2095 1105 2190 proportio-

116 2191 221 2269 nales;
248 2187 311 2259 hoc
327 2189 373 2262 est
389 2191 545 2263 distantiis
575 2219 592 2263 a
617 2214 727 2263 centro
744 2194 909 2291 gravitatis
934 2189 1103 2264 amborum

115 2283 237 2356 directe
264 2290 520 2382 proportionales.
580 2288 681 2360 Unde
702 2315 742 2359 ex
767 2287 831 2360 istis
850 2288 1027 2360 afflonibus
1047 2313 1104 2360 au·

114 2382 246 2478 gebitur
262 2385 314 2452 vel
326 2387 488 2457 minuetur
507 2383 651 2457 distantia
666 2385 705 2456 ab
721 2388 778 2457 illo
792 2406 902 2456 centro
920 2388 1102 2481 proportio·

113 2481 244 2549 naliterz
272 2479 471 2574 Proindeque
494 2503 639 2553 centrum
661 2484 743 2555 illud
761 2509 778 2553 a
796 2503 950 2554 motuum
969 2485 1100 2575 aequali·

101 2575 172 2647 ‘bus
188 2577 417 2660 mutationibus
437 2580 468 2647 in
482 2599 579 2673 partes
597 2582 763 2653 contrarias
782 2578 884 2658 saetis,
909 2599 1005 2670 atque
1023 2578 1103 2650 adeo

114 2673 153 2756 ab
172 2673 347 2745 adionibus
361 2672 478 2746 borum
498 2699 669 2772 corporum
686 2678 768 2747 inter
783 2674 825 2755 se,
852 2673 916 2745 sive
937 2673 966 2743 se
985 2696 1102 2745 mutuo

111 2767 232 2850 trahant
256 2768 321 2841 slve
349 2771 475 2868 fugent,
507 2796 565 2842 nec
589 2793 807 2867 promovetur,
839 2793 897 2841 nec
916 2767 1102 2850 retardatur,

113 2891 171 2937 nec
184 2871 394 2939 mutationem
408 2871 527 2964 patitur
542 2871 572 2957 in
598 2867 678 2940 statu
696 2868 753 2940 suo
770 2865 879 2961 quoad
902 2887 1030 2937 motum
1050 2869 1102 2939 vel

106 2965 266 3061 quietem.
317 2970 355 3058 In
369 2964 534 3063 systemate
551 2986 657 3037 autem
674 2991 847 3062 corporum
856 2965 1103 3069 pluriumquo-

109 3061 194 3132 niam
211 3058 352 3132 duorum
373 3062 564 3155 quorumvis
584 3064 615 3133 in
637 3062 799 3136 semutuo
822 3063 984 3157 agentium
1009 3064 1100 3134 com·

108 3182 205 3231 mune
219 3160 385 3256 gravitatis
408 3181 552 3233 centrum
571 3159 615 3230 ob
634 3162 792 3232 astionem
810 3161 896 3230 illam
923 3160 1100 3230 nullatenus

108 3275 213 3327 mutat
231 3253 348 3326 statum
368 3256 473 3335 suum,
501 3263 534 3325 δι
553 3259 765 3349 reliquorum,
799 3255 993 3347 quibuscum
1014 3258 1100 3327 assio

108 3353 161 3423 illa
180 3352 370 3433 intercedin'
382 3376 551 3426 commune
567 3355 731 3450 gravitatis
755 3374 900 3429 centrum
925 3351 1006 3423 nihil
1025 3352 1100 3429 inde

109 3450 244 3544 patitur,
269 3447 414 3521 distantia
434 3471 540 3520 autem
556 3446 673 3520 horum
686 3449 828 3531 duorum
849 3469 1031 3521 centrorum
1047 3448 1098 3521 di·

108 3541 234 3624 ¹viditur
247 3570 264 3616 a
278 3549 443 3619 communi
462 3570 634 3641 corporum
650 3549 801 3635 omnium
809 3569 920 3641 centro
937 3549 970 3618 in
985 3568 1099 3645 partes,

109 3639 238 3711 summis
248 3644 401 3723 totalibus
416 3668 589 3739 corporum
603 3667 743 3736 quorum
757 3644 828 3728 sunt
841 3665 947 3715 centra
958 3647 1100 3735 gravita·
1125 3710 1127 3719 r

106 3736 160 3859 ¹1tis,
185 3737 344 3852 reciprqce
362 3742 608 3847 proportionales
614 3767 625 3825 3
653 3739 797 3843 adeoque
814 3744 928 3828 centris
942 3744 1002 3816 illis
1012 3741 1097 3904 drgo·
