2438 4328
153 124 224 221 '132'
432 114 895 186 Prorrrcrrorurs

160 244 219 319 Ad
338 259 405 311 ntes
428 242 465 312 ¹in
485 239 610 338 punctis
638 235 863 306 contraduum
891 230 1060 328 erigantur
1089 256 1168 331 per-

163 336 278 444 pendit
342 340 425 407 PA.
441 342 601 438 QMC.
615 330 839 403 velocitatibus
859 330 1003 425 corporis
1025 330 1059 399 in
1076 338 1168 429 pu'n·

164 444 224 515 &is
244 438 305 508 illis
327 438 483 602 PgR.
518 432 674 527 aquibus
699 431 866 527 eriguntur
890 427 1058 523 reciproce
1084 450 1169 525 pro·

164 533 361 653 portionalia.
389 535 406 599 Ι
442 529 500 611 est,
519 533 563 601 ira
583 552 620 601 ut
641 526 680 599 fit
699 534 779 606 PA,
795 525 835 596 ad
846 530 900 623 ‚Q
890 531 926 602 B,
944 543 982 593 ut
1002 524 1169 597 velocitas

165 662 199 710 m
222 629 320 736 Qd
336 629 582 700 velocitatemin
602 635 641 697 P.
659 634 692 696 &
703 630 757 723 Q
749 630 782 698 B,
798 619 838 692 ad
859 627 932 700 ΚΟ,
945 640 982 690 ut
1001 622 1171 693 velocitas·

165 732 199 805 in
212 740 253 810 R,
272 725 312 797 ad
331 726 534 797 velocitatem
548 728 579 795 in
601 730 659 823 „04
698 727 754 792 Au
773 714 1080 816 perpendiculorum
1096 740 1166 790 ter-

165 831 268 902 minos
286 830 332 892 A.
343 829 379 891 B.
393 829 426 892 C.
446 819 485 893 ad
504 823 633 921 angulos
653 841 757 890 rectos
771 820 824 888 seu
840 813 1044 912 tangentibus
1058 814 1166 913 peral-

166 923 234 998 ielae
256 919 415 995 ducantur
429 926 516 992 AD.
532 925 642 991 DBE.
656 927 685 989 E
694 924 728 989 C.
743 933 960 988 concurrentes
972 912 1006 982 in
1019 917 1056 981 D
1069 920 1107 984 &
1120 921 1164 984 E.

168 2548 341 2621 Ducentur
358 2555 426 2621 TD
443 2557 477 2621 &
499 2559 562 2622 VE
589 2555 620 2623 in
642 2554 762 2651 puncto
782 2559 808 2620 S
826 2550 855 2620 se
880 2554 1106 2632 intersecantes.
1126 2569 1171 2632 A

167 2649 290 2745 puncto
307 2654 337 2716 E
357 2647 418 2720 fint
439 2656 495 2720 Er
517 2658 550 2720 &
567 2658 626 2720 Ev
649 2649 879 2748 perpendiculis
899 2659 957 2722 CR
979 2660 1093 2729 &130
1113 2683 1166 2729 re-

167 2748 307 2842 spedtive
325 2749 488 2843 parallelae.
539 2752 585 2818 Et
604 2752 720 2845 pariter
738 2774 755 2820 a
773 2766 895 2845 puncto
915 2755 950 2818 D
970 2748 1031 2824 sint
1047 2731 1110 2851 ITp
1129 2762 1167 2826 &

167 2850 235 2914 Dx
265 2843 496 2942 perpendiculis
520 2850 590 2912 ΑΡ
620 2852 653 2915 &
688 2851 713 2914 Β
725 2850 760 2931 9
790 2843 962 2940 respeffive
992 2852 1162 2945 parallelae.

166 2944 321 3034 Denique
346 2968 363 3011 a
381 2943 503 3037 pundo
526 2947 552 3007 S
576 2938 636 3012 fint
648 2949 699 3010 Ss.
716 2923 840 3038 squ.
861 2940 972 3014 iisdem
990 2948 1183 3043 perpendi·¹

168 3039 248 3108 culis
268 3037 440 3131 respective
466 3036 618 3131 parallelae
646 3037 698 3108 seu
724 3038 924 3135 tangentibus
947 3042 1164 3140 perpendicu-

168 3128 260 3205 lares
271 3134 429 3229 punctum
447 3139 473 3200 'S
489 3133 551 3204 erit
577 3155 720 3206 centrum
741 3134 922 3228 quaefitum.

98 3271 101 3275 «
218 3237 309 3304 Cum
324 3231 409 3301 enim
430 3253 544 3327 corpus
563 3235 739 3313 revolvens,
764 3239 797 3302 &
821 3236 852 3304 in
876 3234 1002 3327 pundis
1021 3242 1049 3304 P
1068 3243 1104 3307 &
1122 3245 1179 3343 ‚Q

480 3327 663 3413 successive,
680 3323 820 3425 positum
836 3328 929 3401 radiis
951 3331 992 3402 ad
1015 3355 1164 3406 centrum

181 3410 254 3495 „P”
279 3413 362 3486 md·
384 3424 435 3484 ¹5·'
479 3427 597 3498 virium
616 3426 721 3499 ductis
735 3430 848 3520 aequali
866 3448 1006 3523 tempore
1026 3433 1176 3524 aequales'

166 3495 294 3619 pugion·
318 3562 370 3642 W,
395 3538 435 3634 1³·
479 3549 578 3605 areas,
606 3529 659 3596 seu
679 3526 835 3621 triangula
865 3527 995 3597 minima
1026 3529 1163 3621 aqualia

165 3648 215 3710 41,
230 3639 310 3701 rtem,
477 3619 597 3718 semper
614 3621 770 3693 describat
778 3647 789 3703 3
813 3625 990 3693 cumetiam
1003 3625 1177 3722 triangular·

377 3715 391 3743 ⁷
428 3714 645 3793 swinsfimul
675 3716 828 3816 descripta
852 3716 913 3790 fint
943 3740 981 3791 ut
1003 3718 1162 3794 velocita-

404 3826 507 3872 ‘33:3⁴OE
1112 3839 1163 3888 fes
