2438 4328
112 136 160 195 ,ς
381 109 817 179 rememorent
896 198 908 223 ,

104 262 187 316 tur-2
212 233 323 310 subiit.
372 240 437 311 His
460 240 504 311 ita
524 240 710 336 preparatis,
733 235 945 339 Descriptoris
968 264 1108 315 manunt*

198 332 246 407 fili
262 356 381 433 partem
400 339 556 434 integram
572 359 670 416 tenet,
699 334 758 407 hae
778 338 847 411 illac
867 338 972 411 versus
986 361 1098 437 partes

130 458 251 509 extrem
279 440 312 504 δι
343 430 493 506 finistram
521 437 564 507 ita
590 456 774 511 moveatur,
806 442 840 508 &
863 438 907 508 ita
926 434 1098 523 funiculus

107 533 229 632 duplex
253 530 283 603 se
302 535 436 626 aperiat,
461 551 498 603 ut
516 534 642 629 pinnula
666 533 719 604 vel
743 528 841 630 styltn
863 558 952 633 pera
1023 558 1096 605 urae

107 634 264 730 punitum
285 654 415 701 curvam
431 628 543 701 lineam
558 628 725 701 describet.
779 555 1025 703 Obsewffi
1043 629 1096 703 est

109 751 216 801 autem
243 750 283 795 eo
303 724 402 797 modo
421 726 474 799 fila
492 724 553 798 effe
572 728 726 799 continuo
744 726 903 800 movenda
912 748 962 807 ut,
985 750 1096 800 extre-

108 830 218 897 mitate
238 823 298 893 und
316 828 346 891 L
368 826 480 897 lineam
500 828 616 897 retiam
633 830 686 894 IL
706 820 824 922 semper
837 846 1024 923 occupante,
1050 823 1095 897 fi·

108 914 407 993 lumI'L‘srtlineae
427 925 480 993 IL
491 920 759 1020 perpendiculum
786 924 850 1003 vel,
874 919 965 1017 quod
977 919 1096 997 eodem

108 1018 204 1097 redit,
228 1042 264 1091 ut
280 1016 338 1089 iibi
351 1017 408 1114 ipsr
422 1027 454 1091 &
465 1018 554 1093 lineae
565 1025 629 1090 DI
637 1040 757 1092 maneat
764 1020 885 1114 ubique
892 1020 1092 1188 pumilelume

110 1124 145 1186 de
166 1136 203 1187 ut
222 1117 313 1186 altera
333 1116 380 1187 fili
404 1120 584 1190 extremitas
604 1118 725 1214 pundo
743 1124 775 1186 F
794 1121 894 1191 immo
918 1119 953 1189 ili
972 1118 1094 1214 semper

109 1210 203 1285 affixa
216 1211 381 1285 adhereat.
430 1218 647 1286 Continuetur
657 1218 807 1308 utrinque
821 1212 1006 1305 hujusmodi
1018 1240 1094 1286 mo·

109 1332 160 1383 tus
173 1313 203 1381 in
214 1311 387 1391 infinitum,
413 1317 446 1380 δι
459 1310 531 1384 inde
544 1313 665 1383 orietur
676 1337 774 1383 curva
789 1312 868 1385 linea
879 1337 977 1406 quarn
990 1319 1095 1382 Para·

110 1406 205 1478 bolam
217 1407 367 1481 dicimus.
416 1408 520 1499 Cujus
539 1414 658 1480 Curvae
671 1410 762 1481 lineas
780 1413 951 1507 praecipuas
964 1414 998 1479 δι
1016 1433 1093 1504 pro·

109 1507 255 1601 prietates
263 1504 431 1579 notiffimas
443 1503 496 1577 hic
506 1508 569 1577 loci
583 1510 689 1602 paucis
701 1508 879 1604 explicabo.
929 1510 1094 1577 Pr'Terc

110 1599 157 1672 est
169 1600 340 1699 peripheria
360 1603 534 1675 Parabolae:
560 1611 619 1673 ID
631 1602 770 1695 ejusdem
787 1610 880 1684 Arr's,
896 1534 962 1673 dvc
976 1602 1094 1672 dr‘arnae-

110 1704 347 1796 rerprincipalr's:
372 1707 402 1768 F
415 1706 517 1781 rocus,
534 1699 586 1774 seu
597 1700 781 1772 vmbilr'cus:
802 1701 957 1797 punstum
975 1703 1095 1770 TVer·
1117 1786 1121 1795 Ι

110 1818 162 1865 tex
165 1801 330 1892 principalis
337 1798 489 1891 parabolae
501 1827 510 1869 t
524 1798 560 1868 tt
568 1799 739 1869 Ordinatr'm
746 1800 886 1892 applicata
891 1794 930 1867 ad
938 1819 1030 1867 axem
1036 1821 1096 1894 per

111 1892 239 1974 focum3
266 1895 354 1965 lateri
371 1897 460 1965 reeio
485 1896 648 1990 principali
670 1895 805 1987 equalis.
856 1900 979 1965 Omnes
1000 1895 1094 1965 lineae

110 1993 204 2061 resta
223 2011 260 2059 ut
279 1999 315 2057 in
334 1992 385 2060 vel
404 1997 473 2059 ΚΖ
488 1993 539 2062 axi
552 1991 700 2088 parallelae
718 1988 788 2060 sunt
805 1989 954 2069 diametri,
979 2011 1096 2085 utpote

109 2111 184 2178 quae
195 2084 365 2156 ordinatim
378 2086 553 2182 applicatas,
568 2088 765 2183 tangentibus
780 2089 942 2180 parallelas,
957 2108 994 2156 ut
1010 2086 1096 2159 ih&

110 2187 181 2251 ΚΤ
186 2178 330 2252 bifariam
347 2180 511 2264 dividunt,
536 2192 570 2257 δι
582 2182 903 2257 dicunturDiametri
911 2180 950 2253 ad
958 2183 1097 2255 vertices

110 2279 226 2371 quibus
244 2281 450 2351 terminantur
466 2303 502 2352 ut
515 2286 556 2361 T,
575 2290 587 2349 i
603 2283 799 2377 pertinentes.

94 2442 97 2447 .
157 2378 316 2447 Palmariae
327 2376 481 2449 Parabolae
498 2381 698 2475 proprietates
709 2375 780 2449 sunt
788 2375 856 2448 hae:

161 2480 240 2561 (1.)
269 2479 424 2543 Diameter
444 2477 579 2568 quevis,
603 2478 657 2546 vel
674 2476 753 2546 linea
776 2475 862 2546 redte
879 2476 932 2546 axi
952 2475 1097 2570 parallele

110 2580 216 2642 'omnes
234 2571 325 2640 lineas
349 2568 522 2647 ordinatim
540 2573 715 2669 applicatas,
744 2570 807 2642 hoe
825 2569 884 2651 est,
901 2572 1041 2669 tangenti
1058 2573 1094 2643 in

108 2669 235 2739 verticis
245 2668 364 2763 pundo
378 2669 529 2764 parallelas
544 2668 689 2741 bifariam
706 2667 838 2741 dividit.

159 2771 241 2855 (r.)
268 2770 350 2834 Aris
369 2766 517 2835 Ordinatae
537 2765 607 2837 sunt
632 2769 683 2838 axi
706 2764 972 2862 perpendiculares
989 2793 999 2847 3
1039 2763 1094 2837 sed

62 2886 65 2893 ·
107 2862 319 2941 diametrorum
338 2858 520 2958 reliquarum
536 2863 685 2933 Ordinatae
702 2861 771 2934 sunt
787 2859 832 2933 'ad
844 2860 1014 2934 diametros
1027 2863 1094 2933 suas

108 2958 266 3055 obliquae3
294 2964 377 3028 &eo
394 2961 491 3055 magir
509 2960 651 3054 obliquae
664 2985 732 3054 quo
743 2959 974 3055 diametrorum
992 2961 1094 3031 verti·

108 3080 157 3125 ces
173 3081 188 3124 a
202 3056 322 3125 vertice
342 3046 498 3147 Pmdboiae
510 3058 658 3151 primario
671 3057 770 3153 magis
787 3050 915 3129 distant.
1055 3094 1084 3145 ‚-

118 3166 127 3205 ῑ-
147 3159 174 3236 -(
185 3162 239 3249 3.)
256 3157 351 3222 Larus
360 3154 484 3222 Renum
490 3154 544 3224 vel
554 3150 773 3225 Paramerertd
780 3151 972 3226 diametrum
979 3178 1094 3247 quam·

108 3251 162 3320 ris·
173 3249 339 3343 pertinens,
363 3249 411 3320 est
425 3246 500 3347 post
515 3248 674 3322 abscissam
683 3253 830 3349 quarnrie
840 3257 875 3321 &
892 3248 1093 3323 serniordimss

106 3356 185 3441 tam?
192 3344 279 3416 stram
297 3349 388 3418 tertia
405 3349 605 3444 ¹geometrice
637 3350 900 3444 proportionalis:
940 3351 1018 3418 Hoc
1032 3345 1093 3426 est,

106 3448 214 3514 butus*
225 3445 348 3515 redium
373 3438 519 3517 diametri
535 3454 576 3514 'rr
596 3447 650 3516 vel
678 3447 806 3517 verticis
823 3454 843 3512 ι’·
853 3440 900 3514 est
918 3451 946 3512 Y
954 3440 978 3512 sr
996 3441 1038 3513 fit
1054 3463 1093 3514 ut

105 3532 230 3726 abgiffp
248 3554 294 3636 iq,
319 3539 359 3614 ad
380 3540 630 3614 semiordinatam
654 3538 714 3638 qk}
740 3543 784 3615 ita
801 3537 1019 3616 semiordinata
1041 3539 1095 3612 illa

105 3654 206 3735 με
246 3647 277 3708 r.
432 3654 540 3671 ···
785 3686 852 3717 .,.
1008 3696 1054 3705 ..

115 3746 198 3791 ’.·,;.·ιι”
938 3733 1006 3830 (4)
1026 3737 1091 3802 La.
