2438 4328
241 118 943 201 PHYStco-MATHEMATIM.
1019 148 1092 237 ψ

110 258 214 343 modo
240 282 298 358 per
317 259 460 356 plurium
481 281 654 355 corporum
677 254 877 331 additionem
888 261 1095 356 prmubrmr.

110 368 192 451 Qm
202 379 310 431 tutem
325 383 360 429 m
403 359 409 371 ’
440 354 563 428 recedit
579 359 650 427 Lex
668 358 792 428 virium
802 358 1097 454 centripettnrmab

112 458 169 533 bre
182 457 265 555 lege,
276 479 354 527 nece
411 452 470 534 est,
495 456 618 526 ceteris
639 457 778 550 paribus,
803 476 843 528 ut
857 480 900 527 eo
908 457 1008 555 mrgis
1021 482 1096 531 cnr·

108 580 185 661 pom
200 574 310 627 nmtm
327 575 460 629 mutuos
474 553 670 650 perturbent

129 714 132 719 .
156 655 262 723 (broli.
278 657 349 742 (2.)
375 653 430 723 Sin
447 653 531 724 vires
548 651 731 746 cenoipetae
749 647 809 723 fint
821 650 986 750 reciproce
997 672 1035 724 ut
1045 649 1098 725 di-

111 747 293 823 stantisrum
320 747 489 843 quadrata,
521 756 555 820 &
583 746 728 845 Systenu
754 771 928 845 corpoeum
955 745 1099 831 duorum

110 849 293 944 plmisunve
305 848 468 919 minorum
484 848 569 918 circa
589 870 759 918 commune
770 848 944 945 gravioris
950 867 1097 921 emuum

108 947 145 1021 in
156 944 316 1045 Ellipseus
331 946 490 1017 umbilico
501 941 642 1041 politum
655 942 939 1017 revolventiumnd
947 944 1026 1017 latur
1041 969 1097 1019 un·

109 1063 223 1142 gemus
240 1045 260 1114 l
276 1047 424 1139 Corpore
438 1045 530 1139 longe
553 1044 707 1122 muirnn,
733 1047 768 1111 bt
791 1041 861 1114 satis
880 1063 1027 1126 remoto3
1052 1043 1098 1115 its

111 1163 150 1213 ut
164 1164 335 1214 conrnune
346 1141 493 1213 omnium
511 1140 674 1237 gravitatis
694 1159 840 1211 centrum
856 1139 876 1209 l
892 1159 1003 1210 centro
1022 1163 1098 1211 cor·

110 1239 199 1336 poris
218 1240 352 1312 maximi
375 1260 438 1309 non
466 1238 560 1334 longe
583 1233 663 1308 absit
674 1263 685 1318 3
713 1260 883 1308 commune
909 1233 1097 1332 systematis

109 1357 290 1431 ‚corporum
312 1336 474 1407 minorum
499 1335 663 1432 gravitatis
682 1355 825 1405 centrum
849 1330 985 1431 Ellipsrn
1012 1336 1098 1407 circa

114 1455 230 1527 corpus
240 1434 431 1513 maximum,
455 1431 507 1504 seu
527 1435 633 1528 potius
657 1433 742 1503 circa
762 1455 931 1502 commtrne
949 1433 1097 1505 omniurn

112 1530 277 1625 gravitatis
295 1550 439 1601 centrum
458 1528 624 1601 describet.
673 1535 713 1601 In
729 1528 871 1601 motibus
893 1549 999 1600 autem
1024 1554 1097 1601 cor·

112 1648 230 1729 porum
248 1625 409 1699 minorum
433 1629 663 1720 Inaequalitates
686 1624 773 1698 haud
798 1650 906 1722 psucae
925 1628 1094 1710 orientur3

111 1746 192 1815 quas
210 1723 456 1817 insequentibus
467 1724 708 1821 explicabimus.
733 1725 850 1810 Quales
862 1724 1097 1797 etiaminLuna

113 1817 216 1907 nostra
230 1820 417 1894 Astronorni
433 1821 603 1893 oblervatis
617 1818 757 1891 indubiis
771 1817 994 1891 monstrarunt.

162 1923 263 1990 coron
280 1923 347 2015 (3.)
376 1919 525 1993 Maxima
543 1941 649 1989 autem
671 1918 816 1989 omnium
838 1917 960 1989 orietur
981 1916 1013 1986 in
1033 1920 1097 2012 sy-

112 2011 242 2086 stemate
254 2019 375 2087 minore
394 2015 603 2114 perturbatio,
629 2013 654 2085 sr
673 2039 713 2086 co
752 2040 788 2086 us
802 2015 978 2086 maximum
990 2038 1097 2087 omnes

114 2109 298 2204 systematis
323 2111 412 2185 istius
458 2135 537 2186 artes
565 2113 691 2210 paribus
742 2111 871 2185 istantiis
900 2112 1097 2205 inaequsliter

113 2201 302 2290 attraheret:
329 2208 392 2282 hoc
410 2138 468 2290 ed,
481 2208 506 2281 si
520 2236 690 2309 corporum
702 2215 860 2284 variorum
873 2233 985 2307 genera
1001 2210 1096 2281 variis

113 2299 263 2399 gradibus
287 2305 317 2374 in
343 2311 470 2403 Corpus
495 2311 671 2380 maximum
684 2311 894 2406 gravitarent3
922 2306 1095 2403 praesertim

115 2397 141 2470 sl
160 2401 369 2497 proportionis
385 2401 480 2493 hujus
497 2407 688 2498 inaequalitas
707 2405 811 2494 major
829 2401 905 2476 elict
924 2429 1022 2496 quam
1035 2405 1056 2519 p'

115 2498 274 2591 aequalitas
284 2502 494 2595 proportionis
511 2500 766 2597 distantiarumpb
785 2525 917 2599 corpore
940 2502 1095 2572 maximo.

117 2598 205 2668 Nam
224 2593 315 2667 srvis
340 2599 541 2670 acceleratrix
566 2600 728 2692 aequaliter
749 2606 783 2669 δι
806 2596 980 2668 secundum
1002 2599 1096 2666 lineas

115 2694 269 2789 parallelas
282 2692 405 2791 agendo
418 2696 462 2766 nil
478 2695 641 2790 perturbet
653 2715 759 2766 motus
774 2718 944 2791 corporum
955 2693 1036 2764 inter
1053 2691 1094 2770 se,

114 2786 233 2862 neceffe
257 2789 303 2862 est
322 2812 360 2862 ut
374 2815 415 2862 ex
428 2793 558 2863 adilonis
572 2793 781 2885 inaequalitate
798 2789 994 2888 perturbatio
1013 2790 1096 2859 oria·

115 2909 169 2958 tur
179 2915 194 2982 t
218 2887 381 2983 majorque
399 2887 439 2961 fit
454 2892 507 2961 vel
521 2891 625 2960 minor
636 2914 694 2978 pro
705 2887 821 2978 majore
841 2890 893 2958 vel
913 2887 1035 2955 minore
1047 2887 1096 2956 inq

115 2989 305 3077 aequalitate.
354 2983 508 3058 Excellus
532 2986 726 3085 impulsuum
743 2984 900 3076 majorum
924 2980 1045 3080 agendo
1061 2985 1094 3055 io

113 3083 216 3175 aliqua
233 3109 377 3181 corpora,
402 3091 436 3155 &
450 3106 512 3155 non
525 3082 647 3179 agendo
667 3085 699 3154 in
719 3084 799 3162 olin;
827 3102 882 3152 aut
894 3080 1000 3151 saitem
1016 3081 1048 3151 in
1061 3106 1095 3150 a-.

112 3180 154 3249 lia
168 3179 291 3274 agendo
301 3184 415 3263 minus,
440 3178 608 3253 necessario
624 3179 794 3252 mutabunt
806 3177 902 3251 srturn
917 3203 1028 3249 eorum
1045 3178 1094 3247 in-

115 3296 164 3351 ter
175 3276 214 3348 se.
264 3283 310 3351 Et
322 3275 392 3350 haec
405 3272 611 3373 perturbatio,
625 3276 661 3349 .ss
674 3301 739 3370 qua
745 3273 831 3350 esset,
857 3273 963 3375 addita
972 3295 1094 3370 pertur-

112 3373 232 3448 bationi
250 3399 324 3469 quae
337 3400 378 3446 ex
391 3376 544 3448 linearun
564 3377 812 3447 inclinatione&
831 3373 1095 3465 inequalitatem·

113 3467 242 3549 cessario
255 3475 372 3554 oritur,
379 3472 532 3563 majorem
546 3470 693 3544 redderet
705 3471 973 3558 perturbationem
980 3491 1093 3541 totam.

55 3628 57 3632 .
166 3575 264 3641 coron
289 3575 357 3666 (4.)
387 3568 488 3645 Unde
501 3568 525 3640 li
541 3568 726 3666 Systensrtis
738 3571 868 3640 minoris
880 3568 1094 3663 partesinEl·

113 3664 245 3766 lipsrbus
261 3670 343 3739 circa
356 3668 482 3747 focum,
508 3668 560 3738 vel
573 3669 605 3738 in
620 3667 760 3739 Circulis
772 3667 854 3759 circa
874 3685 1018 3735 centrum
1033 3662 1096 3733 line

114 3762 172 3864 na
190 3784 340 3851 monum
359 3765 594 3864 pausatione
615 3789 713 3859 quam
735 3787 811 3858 quae
835 3788 876 3842 ss
899 3763 1050 3930 lusu?
1074 3760 1093 3828 ³

225 3893 228 3898 .
752 3867 758 3880 '
798 3863 800 3867 '
904 3862 907 3869 ”
1038 3877 1093 3924 or·
