2438 4328
116 145 188 241 '300
379 141 823 212 PMLECTIONES

114 250 185 354 bit:
211 263 284 367 quar¹
303 267 349 342 est
369 265 507 340 Libratr’o
520 273 612 338 Luna
628 277 660 338 in
680 267 919 369 Longr‘rudinem,
972 265 1112 340 Lrbmo

112 384 221 442 autem
240 397 271 438 m
291 368 508 447 Latitudinem,
532 391 596 460 qua
608 389 709 465 partes
724 390 809 438 nunc
821 366 1017 440 borealiores
1029 389 1112 438 nunc

113 465 312 540 australiores
324 465 414 538 nobis
432 460 653 545 ostenduntur,
679 465 758 535 oriri
777 461 875 536 debet
891 489 932 537 ex
949 464 1110 536 inclinati·

112 580 174 636 one
188 566 253 636 axis
266 565 398 636 Lunaris
413 559 452 632 ad
465 561 593 659 planum
609 561 671 633 suae
690 561 825 643 orbitae3
853 563 904 634 uti
918 584 995 634 rem
1011 582 1110 634 atten-

112 663 178 736 tius
203 659 412 733 confideranti
426 662 485 730 erit
497 657 736 758 apertissimum.

63 782 67 789 ·
163 761 365 829 corollarium.
392 758 460 827 Hic
476 758 541 828 loci
556 780 700 830 annotare
720 756 822 853 placet
837 779 936 850 quam
958 777 1110 828 accurate

111 854 238 928 iuterse
257 856 447 926 consentiant
468 876 574 926 motus
593 853 628 927 hi
649 854 718 926 duo
738 858 889 932 Lunares,
914 856 1109 948 neutiquam

111 952 171 1024 tse
184 952 323 1025 invicem
336 948 544 1048 dependentes
551 980 561 1032 ,-
585 951 719 1024 diurnus
732 975 843 1046 nempe
856 957 891 1022 δι
903 950 1110 1025 menstruus:

112 1053 158 1122 ita
180 1069 218 1120 ut
245 1050 322 1121 alter
342 1053 476 1122 alterum
495 1073 532 1120 ne
556 1051 728 1124 minimum
743 1046 879 1142 quidem
897 1070 1107 1130 antevenere,

112 1169 169 1244 per
190 1147 238 1216 bis
256 1149 343 1218 mille
364 1148 469 1218 saltem
488 1168 594 1228 annos,
624 1146 663 1218 srt
686 1143 915 1244 deprehensus..
959 1153 1041 1218 Non
1057 1147 1106 1220 hoc

115 1263 200 1314 certe
201 1247 265 1334 stne
276 1253 395 1315 numine
407 1240 540 1324 malm,
565 1246 615 1316 uti
628 1247 699 1316 alias
711 1246 943 1316 annotavimus.

163 1345 300 1414 XCIII.
327 1345 415 1413 Axes
435 1343 515 1412 Solis
531 1348 565 1411 &
581 1342 776 1414 planetarum
785 1362 875 1412 motu
889 1338 1017 1413 diurno
1028 1367 1105 1440 gru·

110 1435 258 1510 dentium
278 1441 454 1511 Diametris
466 1462 540 1532 quae
557 1436 596 1508 ad
609 1438 735 1511 eosdem
756 1462 828 1510 axes
840 1440 1032 1511 normaliter
1046 1439 1106 1513 du·

112 1557 232 1607 cuntur
247 1538 383 1607 minores
398 1538 480 1607 sunt.
502 1536 576 1607 Sive
590 1539 705 1633 Figura
722 1538 801 1608 Solis
816 1542 848 1605 &
861 1537 1106 1612 Planetarumin

110 1636 141 1704 se
153 1655 248 1705 motu
268 1633 383 1706 diurno
398 1634 634 1705 revolventium
647 1660 680 1704 ea
694 1632 740 1704 est
759 1631 943 1730 sphaeroidis
962 1634 1103 1718 oblatae3

110 1728 175 1802 hoc
187 1730 245 1813 est,
258 1730 350 1804 solidi
363 1731 563 1802 revolutione
572 1733 727 1828 Ellipseos
744 1735 827 1802 circa
839 1755 932 1802 axem
943 1734 1105 1806 minorem

150 1851 219 1900 ortt.

107 1853 148 1926 ge
158 1930 292 1998 Planetae
302 1933 335 1997 &
347 1951 479 2022 corpora
491 1928 614 2018 quaevis
627 1924 765 1997 coelestia
773 1924 894 1996 sublato
906 1930 999 2000 omni
1007 1949 1103 2003 motu

110 2023 257 2094 circulari
273 2021 391 2093 diurno
407 2022 542 2118 figuram
563 2020 758 2118 sphaericam,
782 2026 825 2092 ob
835 2025 993 2114 aequalem
1007 2024 1105 2097 undi-

108 2141 175 2210 que
193 2120 331 2213 partium
352 2121 554 2214 gravitatem,
579 2116 723 2190 affeetare
742 2120 920 2191 &induere
934 2120 1101 2194 deberent.

109 2221 172 2285 Per
183 2234 310 2285 motum
327 2236 433 2285 autern
448 2218 635 2286 circularem
647 2216 799 2289 diurnum
814 2217 883 2295 fiet,
900 2239 939 2288 ut
951 2242 1056 2314 partes
1063 2220 1103 2290 ab

107 2335 167 2385 axe
181 2333 289 2383 motus
309 2309 476 2384 necessario
495 2311 685 2394 recedentes,
711 2322 745 2385 &
759 2317 908 2411 gravitati
929 2313 1102 2388 detrahen-

107 2427 155 2479 tes
172 2406 264 2500 juxta
277 2429 483 2501 aequatorem,
509 2412 565 2483 ubi
585 2433 690 2482 motus
710 2411 757 2482 est
775 2413 967 2491 celerrimus,
996 2416 1102 2487 ascen-

109 2503 185 2578 dere
203 2527 368 2578 conentur.
393 2579 395 2583 ,
420 2505 565 2601 Ideoque
580 2532 619 2578 eo
641 2508 706 2579 loci
722 2511 851 2580 materia
872 2512 1021 2591 planeta,
1041 2510 1104 2582 nist

108 2602 284 2676 admodum
298 2603 457 2683 sitsolida,
483 2605 604 2676 ascensu
616 2604 672 2676 suo
692 2604 729 2677 ad
750 2628 942 2698 aequatorem
957 2605 1102 2696 ejusdem

108 2699 277 2774 diametros
298 2700 487 2799 adaugebit;
514 2729 605 2773 axem
625 2727 703 2773 vero
728 2701 876 2774 descensu
893 2703 961 2783 suo,
989 2709 1101 2802 gravi,

107 2821 171 2872 tate
185 2803 323 2896 partium
339 2799 384 2870 ibi
398 2799 479 2870 nihil
494 2798 664 2879 diminuta,
691 2799 729 2871 ad
743 2803 831 2896 polos
845 2799 1018 2873 diminuet.
1045 2804 1101 2885 Sic

110 2899 199 2993 lovis
216 2901 383 2969 Diameter
399 2894 681 2979 (consentientibus
693 2898 965 2970 observationibus
974 2898 1099 2972 Caffini

104 2989 142 3065 ’ἃ
157 2993 355 3082 Flamstedii)
380 2994 509 3065 brevior
528 2992 778 3092 deprehenditur
790 2997 871 3068 inter
887 2998 978 3067 Polos
998 3022 1101 3089 quam

106 3091 146 3163 ab
165 3093 286 3163 oriente
301 3094 332 3162 in
348 3089 561 3162 occidentem.
613 3090 741 3163 Eodem
763 3098 968 3190 Argumento
992 3098 1100 3168 Terra

107 3187 212 3260 nostra
237 3215 328 3260 axem
348 3188 439 3259 suum
461 3190 650 3281 AEquotoris
671 3188 832 3262 diametris
859 3193 1016 3272 minorem
1039 3190 1098 3263 ha·

106 3285 189 3356 bere·
199 3284 322 3359 debuit.
375 3294 408 3359 N
412 3283 447 3357 isi
467 3288 551 3356 enirn
566 3289 607 3357 ita
625 3289 711 3357 seres
725 3285 866 3368 haberet,
893 3296 926 3357 &
941 3310 1024 3359 terra
1038 3314 1097 3360 no·

107 3381 169 3455 stra
186 3386 281 3478 paulo
299 3380 375 3454 esset
399 3385 491 3454 altior
506 3383 563 3459 sub
579 3405 736 3477 aequotore
751 3381 847 3476 quam
861 3383 900 3455 ad
912 3387 1013 3481 polos,
1027 3414 1097 3458 ma-

106 3482 165 3560 ria,
189 3482 434 3579 obgravitatem
449 3482 600 3572 majorem
619 3484 703 3551 circa
722 3485 811 3576 polos
823 3480 1033 3570 subsiderent,
1059 3487 1098 3561 ’ὃς

106 3577 200 3670 juxta
220 3599 413 3672 aquatorem
440 3577 633 3649 ascendendo
658 3582 763 3650 omnia
788 3580 981 3654 inundarent.
1027 3574 1098 3659 ⁸Ob

107 3674 259 3763 majorem
284 3701 361 3747 vero
384 3697 490 3746 motus
510 3675 619 3748 diurni
630 3680 833 3749 velocitatem
852 3684 886 3748 &
906 3675 1107 3760 denfitatem

108 3777 278 3874 mitiorem,
302 3774 431 3881 Jupiter
442 3770 655 3853 differentiam
666 3772 893 3881 diametrorum
907 3777 1012 3882 multo
1024 3802 1097 3874 ma7

1046 3878 1099 3999 eis
