<?xml version="1.0" encoding="UTF-8"?>
<!DOCTYPE html PUBLIC "-//W3C//DTD XHTML 1.0 Transitional//EN"
    "http://www.w3.org/TR/xhtml1/DTD/xhtml1-transitional.dtd">
<html xmlns="http://www.w3.org/1999/xhtml" xml:lang="en" lang="en">
 <head>
  <title>
</title>
<meta http-equiv="Content-Type" content="text/html;charset=utf-8" />
  <meta name='ocr-system' content='tesseract 3.04.00' />
  <meta name='ocr-capabilities' content='ocr_page ocr_carea ocr_par ocr_line ocrx_word'/>
</head>
<body>
  <div class='ocr_page' id='page_1' title='image "./praelectionesph00whisgoog/praelectionesph00whisgoog_0101.png"; bbox 0 0 2438 4328; ppageno 0'>
   <div class='ocr_carea' id='block_1_1' title="bbox 106 186 951 299">
    <p class='ocr_par' dir='ltr' id='par_1_1' title="bbox 106 186 951 299">
     <span class='ocr_line' id='line_1_1' title="bbox 106 186 951 299; baseline 0.001 -39"><span class='ocrx_word' id='word_1_1' title='bbox 106 212 168 299; x_wconf 78' lang='lat'>94&#39;</span> <span class='ocrx_word' id='word_1_2' title='bbox 383 186 831 263; x_wconf 67' lang='lat' dir='ltr'>rnorrrcrronraa</span> <span class='ocrx_word' id='word_1_3' title='bbox 946 242 951 249; x_wconf 92' lang='lat'>.</span> 
     </span>
    </p>
   </div>
   <div class='ocr_carea' id='block_1_2' title="bbox 103 314 1128 3927">
    <p class='ocr_par' dir='ltr' id='par_1_2' title="bbox 103 314 1128 3927">
     <span class='ocr_line' id='line_1_2' title="bbox 110 314 1106 427; baseline 0.007 -38"><span class='ocrx_word' id='word_1_4' title='bbox 110 317 218 400; x_wconf 65' lang='lat' dir='ltr'>sectae,</span> <span class='ocrx_word' id='word_1_5' title='bbox 239 314 352 415; x_wconf 83' lang='lat' dir='ltr'>dupla,</span> <span class='ocrx_word' id='word_1_6' title='bbox 374 316 438 390; x_wconf 86' lang='lat' dir='ltr'>hoc</span> <span class='ocrx_word' id='word_1_7' title='bbox 453 316 512 399; x_wconf 80' lang='lat' dir='ltr'>est,</span> <span class='ocrx_word' id='word_1_8' title='bbox 526 321 634 427; x_wconf 77' lang='lat' dir='ltr'>prima</span> <span class='ocrx_word' id='word_1_9' title='bbox 648 319 824 420; x_wconf 82' lang='lat' dir='ltr'>quadrupla</span> <span class='ocrx_word' id='word_1_10' title='bbox 831 347 843 405; x_wconf 85' lang='lat'>3</span> <span class='ocrx_word' id='word_1_11' title='bbox 872 324 905 392; x_wconf 77' lang='grc' dir='ltr'>δι</span> <span class='ocrx_word' id='word_1_12' title='bbox 924 322 1027 394; x_wconf 80' lang='lat' dir='ltr'>itaex</span> <span class='ocrx_word' id='word_1_13' title='bbox 1047 322 1106 396; x_wconf 79' lang='lat' dir='ltr'>vi·</span> 
     </span>
     <span class='ocr_line' id='line_1_3' title="bbox 109 415 1104 516; baseline 0 -23"><span class='ocrx_word' id='word_1_14' title='bbox 109 423 200 499; x_wconf 77' lang='lat' dir='ltr'>ribus</span> <span class='ocrx_word' id='word_1_15' title='bbox 224 419 403 511; x_wconf 67' lang='lat' dir='ltr'>conjunctis</span> <span class='ocrx_word' id='word_1_16' title='bbox 425 419 505 487; x_wconf 84' lang='lat' dir='ltr'>linea</span> <span class='ocrx_word' id='word_1_17' title='bbox 524 443 587 507; x_wconf 64' lang='lat' dir='ltr'>pam</span> <span class='ocrx_word' id='word_1_18' title='bbox 609 415 763 516; x_wconf 84' lang='lat' dir='ltr'>descripta</span> <span class='ocrx_word' id='word_1_19' title='bbox 785 421 847 490; x_wconf 84' lang='lat' dir='ltr'>erit</span> <span class='ocrx_word' id='word_1_20' title='bbox 865 421 975 515; x_wconf 84' lang='lat' dir='ltr'>primae</span> <span class='ocrx_word' id='word_1_21' title='bbox 997 422 1104 512; x_wconf 90' lang='lat' dir='ltr'>quin·</span> 
     </span>
     <span class='ocr_line' id='line_1_4' title="bbox 109 516 1103 622; baseline -0.005 -28"><span class='ocrx_word' id='word_1_22' title='bbox 109 525 215 622; x_wconf 71' lang='lat' dir='ltr'>cuplae</span> <span class='ocrx_word' id='word_1_23' title='bbox 242 540 338 612; x_wconf 86' lang='lat' dir='ltr'>atque</span> <span class='ocrx_word' id='word_1_24' title='bbox 358 518 402 587; x_wconf 82' lang='lat' dir='ltr'>ita</span> <span class='ocrx_word' id='word_1_25' title='bbox 422 536 518 611; x_wconf 90' lang='lat' dir='ltr'>porro</span> <span class='ocrx_word' id='word_1_26' title='bbox 541 516 619 586; x_wconf 87' lang='lat' dir='ltr'>linea</span> <span class='ocrx_word' id='word_1_27' title='bbox 641 519 660 587; x_wconf 72' lang='grc' dir='ltr'>ὲ</span> <span class='ocrx_word' id='word_1_28' title='bbox 682 519 831 589; x_wconf 89' lang='lat' dir='ltr'>continua</span> <span class='ocrx_word' id='word_1_29' title='bbox 850 519 1018 615; x_wconf 82' lang='lat' dir='ltr'>gravitatis</span> <span class='ocrx_word' id='word_1_30' title='bbox 1035 518 1103 589; x_wconf 83' lang='lat' dir='ltr'>im-</span> 
     </span>
     <span class='ocr_line' id='line_1_5' title="bbox 167 612 1106 713; baseline -0.007 -19"><span class='ocrx_word' id='word_1_31' title='bbox 167 616 262 695; x_wconf 83' lang='lat' dir='ltr'>ffione</span> <span class='ocrx_word' id='word_1_32' title='bbox 275 616 387 713; x_wconf 74' lang='lat' dir='ltr'>prime</span> <span class='ocrx_word' id='word_1_33' title='bbox 403 612 522 708; x_wconf 81' lang='lat' dir='ltr'>[emper</span> <span class='ocrx_word' id='word_1_34' title='bbox 539 617 666 706; x_wconf 84' lang='lat' dir='ltr'>aequalis</span> <span class='ocrx_word' id='word_1_35' title='bbox 683 617 743 685; x_wconf 90' lang='lat' dir='ltr'>erit</span> <span class='ocrx_word' id='word_1_36' title='bbox 764 612 918 697; x_wconf 87' lang='lat' dir='ltr'>addenda,</span> <span class='ocrx_word' id='word_1_37' title='bbox 944 620 978 686; x_wconf 76' lang='grc' dir='ltr'>δι</span> <span class='ocrx_word' id='word_1_38' title='bbox 1000 616 1106 687; x_wconf 81' lang='lat' dir='ltr'>altera</span> 
     </span>
     <span class='ocr_line' id='line_1_6' title="bbox 108 648 1104 814; baseline -0.003 -27"><span class='ocrx_word' id='word_1_39' title='bbox 108 648 190 800; x_wconf 59' lang='lat' dir='ltr'>Eiet</span> <span class='ocrx_word' id='word_1_40' title='bbox 207 719 318 814; x_wconf 81' lang='lat' dir='ltr'>prirnae</span> <span class='ocrx_word' id='word_1_41' title='bbox 332 711 460 804; x_wconf 77' lang='lat' dir='ltr'>aqualis</span> <span class='ocrx_word' id='word_1_42' title='bbox 474 711 519 780; x_wconf 91' lang='lat' dir='ltr'>ob</span> <span class='ocrx_word' id='word_1_43' title='bbox 537 714 741 783; x_wconf 83' lang='lat' dir='ltr'>velocitatem</span> <span class='ocrx_word' id='word_1_44' title='bbox 761 737 822 783; x_wconf 82' lang='lat' dir='ltr'>una</span> <span class='ocrx_word' id='word_1_45' title='bbox 836 735 922 809; x_wconf 90' lang='lat' dir='ltr'>parte</span> <span class='ocrx_word' id='word_1_46' title='bbox 939 714 1104 784; x_wconf 89' lang='lat' dir='ltr'>continuo</span> 
     </span>
     <span class='ocr_line' id='line_1_7' title="bbox 111 806 1104 908; baseline -0.002 -25"><span class='ocrx_word' id='word_1_47' title='bbox 111 821 250 908; x_wconf 63' lang='lat' dir='ltr'>gupiam,</span> <span class='ocrx_word' id='word_1_48' title='bbox 275 832 372 903; x_wconf 87' lang='lat' dir='ltr'>atque</span> <span class='ocrx_word' id='word_1_49' title='bbox 395 806 473 881; x_wconf 87' lang='lat' dir='ltr'>adeo</span> <span class='ocrx_word' id='word_1_50' title='bbox 492 806 566 880; x_wconf 86' lang='lat' dir='ltr'>duae</span> <span class='ocrx_word' id='word_1_51' title='bbox 587 831 688 906; x_wconf 89' lang='lat' dir='ltr'>partes</span> <span class='ocrx_word' id='word_1_52' title='bbox 707 807 772 880; x_wconf 85' lang='lat' dir='ltr'>five</span> <span class='ocrx_word' id='word_1_53' title='bbox 794 811 895 891; x_wconf 82' lang='lat' dir='ltr'>lineae,</span> <span class='ocrx_word' id='word_1_54' title='bbox 920 811 1037 908; x_wconf 84' lang='lat' dir='ltr'>primae</span> <span class='ocrx_word' id='word_1_55' title='bbox 1057 836 1104 881; x_wconf 82' lang='lat' dir='ltr'>ae·</span> 
     </span>
     <span class='ocr_line' id='line_1_8' title="bbox 111 905 1105 1014; baseline -0.003 -31"><span class='ocrx_word' id='word_1_56' title='bbox 111 918 233 1014; x_wconf 80' lang='lat' dir='ltr'>quales,</span> <span class='ocrx_word' id='word_1_57' title='bbox 258 911 401 1003; x_wconf 86' lang='lat' dir='ltr'>qualibet</span> <span class='ocrx_word' id='word_1_58' title='bbox 425 908 498 978; x_wconf 88' lang='lat' dir='ltr'>vice</span> <span class='ocrx_word' id='word_1_59' title='bbox 516 928 611 977; x_wconf 85' lang='lat' dir='ltr'>erunt</span> <span class='ocrx_word' id='word_1_60' title='bbox 636 905 808 989; x_wconf 61' lang='lat' dir='ltr'>addendam</span> <span class='ocrx_word' id='word_1_61' title='bbox 842 928 936 1001; x_wconf 89' lang='lat' dir='ltr'>atque</span> <span class='ocrx_word' id='word_1_62' title='bbox 957 905 1041 978; x_wconf 83' lang='lat' dir='ltr'>adeo</span> <span class='ocrx_word' id='word_1_63' title='bbox 1060 909 1105 980; x_wconf 83' lang='lat' dir='ltr'>n·-</span> 
     </span>
     <span class='ocr_line' id='line_1_9' title="bbox 112 1002 1104 1107; baseline -0.005 -25"><span class='ocrx_word' id='word_1_64' title='bbox 112 1002 1104 1107; x_wconf 72' lang='lat' dir='ltr'>neaintegraequavissucceffivatemporisparticuladescriptae</span> 
     </span>
     <span class='ocr_line' id='line_1_10' title="bbox 159 1100 1104 1200; baseline 0 -24"><span class='ocrx_word' id='word_1_65' title='bbox 159 1100 162 1107; x_wconf 70' lang='grc'><strong>’</strong></span> <span class='ocrx_word' id='word_1_66' title='bbox 416 1123 511 1176; x_wconf 90' lang='lat' dir='ltr'>erunt</span> <span class='ocrx_word' id='word_1_67' title='bbox 529 1101 1104 1200; x_wconf 84' lang='lat' dir='ltr'>numerisimparibusinperpetuum</span> 
     </span>
     <span class='ocr_line' id='line_1_11' title="bbox 151 1198 1105 1298; baseline -0.006 -17"><span class='ocrx_word' id='word_1_68' title='bbox 151 1225 175 1271; x_wconf 59' lang='lat' dir='ltr'>r</span> <span class='ocrx_word' id='word_1_69' title='bbox 192 1231 241 1281; x_wconf 74' lang='lat' dir='ltr'>Per</span> <span class='ocrx_word' id='word_1_70' title='bbox 257 1231 329 1281; x_wconf 77' lang='lat' dir='ltr'>aem.</span> <span class='ocrx_word' id='word_1_71' title='bbox 346 1239 372 1276; x_wconf 86' lang='lat'>1.</span> <span class='ocrx_word' id='word_1_72' title='bbox 416 1198 628 1298; x_wconf 74' lang='lat' dir='ltr'>designanda.</span> <span class='ocrx_word' id='word_1_73' title='bbox 656 1206 745 1271; x_wconf 93' lang='lat' dir='ltr'>Cum</span> <span class='ocrx_word' id='word_1_74' title='bbox 753 1203 1025 1293; x_wconf 55' lang='lat' dir='ltr'>itaquei‘numeri</span> <span class='ocrx_word' id='word_1_75' title='bbox 1039 1205 1105 1275; x_wconf 89' lang='lat' dir='ltr'>im·</span> 
     </span>
     <span class='ocr_line' id='line_1_12' title="bbox 440 1296 1105 1391; baseline 0.003 -21"><span class='ocrx_word' id='word_1_76' title='bbox 440 1323 503 1370; x_wconf 80' lang='lat' dir='ltr'>ares</span> <span class='ocrx_word' id='word_1_77' title='bbox 529 1296 589 1369; x_wconf 85' lang='lat' dir='ltr'>fibi</span> <span class='ocrx_word' id='word_1_78' title='bbox 613 1296 715 1370; x_wconf 90' lang='lat' dir='ltr'>additi</span> <span class='ocrx_word' id='word_1_79' title='bbox 729 1296 900 1391; x_wconf 84' lang='lat' dir='ltr'>quadratos</span> <span class='ocrx_word' id='word_1_80' title='bbox 919 1322 1028 1370; x_wconf 87' lang='lat' dir='ltr'>omnes</span> <span class='ocrx_word' id='word_1_81' title='bbox 1046 1327 1105 1372; x_wconf 88' lang='lat' dir='ltr'>or·</span> 
     </span>
     <span class='ocr_line' id='line_1_13' title="bbox 114 1324 1107 1495; baseline -0.007 -18"><span class='ocrx_word' id='word_1_82' title='bbox 114 1403 189 1477; x_wconf 90' lang='lat' dir='ltr'>dine</span> <span class='ocrx_word' id='word_1_83' title='bbox 206 1396 387 1473; x_wconf 82' lang='lat' dir='ltr'>conficiant,</span> <span class='ocrx_word' id='word_1_84' title='bbox 417 1324 536 1467; x_wconf 75' lang='lat' dir='ltr'>iiorum</span> <span class='ocrx_word' id='word_1_85' title='bbox 564 1416 800 1469; x_wconf 80' lang='lat' dir='ltr'><strong>momentorum</strong></span> <span class='ocrx_word' id='word_1_86' title='bbox 821 1397 910 1467; x_wconf 78' lang='lat' dir='ltr'>lineae</span> <span class='ocrx_word' id='word_1_87' title='bbox 934 1393 1107 1495; x_wconf 69' lang='lat' dir='ltr'>descripte</span> 
     </span>
     <span class='ocr_line' id='line_1_14' title="bbox 115 1490 1106 1592; baseline -0.007 -19"><span class='ocrx_word' id='word_1_88' title='bbox 115 1500 210 1573; x_wconf 85' lang='lat' dir='ltr'>fimul</span> <span class='ocrx_word' id='word_1_89' title='bbox 226 1495 341 1569; x_wconf 78' lang='lat' dir='ltr'>additae</span> <span class='ocrx_word' id='word_1_90' title='bbox 366 1495 456 1565; x_wconf 84' lang='lat' dir='ltr'>lineas</span> <span class='ocrx_word' id='word_1_91' title='bbox 475 1496 608 1588; x_wconf 81' lang='lat' dir='ltr'>integras</span> <span class='ocrx_word' id='word_1_92' title='bbox 621 1515 870 1571; x_wconf 85' lang='lat' dir='ltr'><strong>momentorum,</strong></span> <span class='ocrx_word' id='word_1_93' title='bbox 896 1490 960 1565; x_wconf 88' lang='lat' dir='ltr'>five</span> <span class='ocrx_word' id='word_1_94' title='bbox 973 1515 1106 1592; x_wconf 84' lang='lat' dir='ltr'>tempo-</span> 
     </span>
     <span class='ocr_line' id='line_1_15' title="bbox 113 1587 1106 1694; baseline -0.003 -28"><span class='ocrx_word' id='word_1_95' title='bbox 113 1601 156 1673; x_wconf 79' lang='lat' dir='ltr'>rie</span> <span class='ocrx_word' id='word_1_96' title='bbox 175 1594 342 1694; x_wconf 77' lang='lat' dir='ltr'>particulas</span> <span class='ocrx_word' id='word_1_97' title='bbox 357 1589 449 1662; x_wconf 80' lang='lat' dir='ltr'>simul</span> <span class='ocrx_word' id='word_1_98' title='bbox 460 1587 626 1661; x_wconf 86' lang='lat' dir='ltr'>additasin</span> <span class='ocrx_word' id='word_1_99' title='bbox 646 1592 766 1663; x_wconf 87' lang='lat' dir='ltr'>ratione</span> <span class='ocrx_word' id='word_1_100' title='bbox 790 1589 962 1687; x_wconf 87' lang='lat' dir='ltr'>duplicata,</span> <span class='ocrx_word' id='word_1_101' title='bbox 987 1588 1106 1667; x_wconf 87' lang='lat' dir='ltr'>fivein</span> 
     </span>
     <span class='ocr_line' id='line_1_16' title="bbox 112 1684 1109 1786; baseline -0.005 -19"><span class='ocrx_word' id='word_1_102' title='bbox 112 1698 234 1773; x_wconf 83' lang='lat' dir='ltr'>ratione</span> <span class='ocrx_word' id='word_1_103' title='bbox 247 1689 395 1786; x_wconf 87' lang='lat' dir='ltr'>quadrati</span> <span class='ocrx_word' id='word_1_104' title='bbox 410 1689 534 1762; x_wconf 90' lang='lat' dir='ltr'>numeri</span> <span class='ocrx_word' id='word_1_105' title='bbox 552 1684 592 1759; x_wconf 90' lang='lat' dir='ltr'>ad</span> <span class='ocrx_word' id='word_1_106' title='bbox 611 1685 801 1782; x_wconf 87' lang='lat' dir='ltr'>quadratum</span> <span class='ocrx_word' id='word_1_107' title='bbox 813 1710 982 1761; x_wconf 90' lang='lat' dir='ltr'>numerum</span> <span class='ocrx_word' id='word_1_108' title='bbox 993 1686 1109 1762; x_wconf 83' lang='lat' dir='ltr'>neces-</span> 
     </span>
     <span class='ocr_line' id='line_1_17' title="bbox 113 1781 1128 1887; baseline -0.008 -20"><span class='ocrx_word' id='word_1_109' title='bbox 113 1794 194 1867; x_wconf 80' lang='lat' dir='ltr'>sario</span> <span class='ocrx_word' id='word_1_110' title='bbox 211 1810 417 1887; x_wconf 84' lang='lat' dir='ltr'>exuperantes</span> <span class='ocrx_word' id='word_1_111' title='bbox 441 1784 623 1857; x_wconf 86' lang='lat' dir='ltr'>conficient.</span> <span class='ocrx_word' id='word_1_112' title='bbox 674 1787 726 1856; x_wconf 84' lang='lat' dir='ltr'>Sic</span> <span class='ocrx_word' id='word_1_113' title='bbox 754 1781 777 1855; x_wconf 82' lang='lat' dir='ltr'>st</span> <span class='ocrx_word' id='word_1_114' title='bbox 812 1785 939 1858; x_wconf 90' lang='lat' dir='ltr'>minuto</span> <span class='ocrx_word' id='word_1_115' title='bbox 961 1782 1128 1859; x_wconf 68' lang='lat' dir='ltr'>secundd‘</span> 
     </span>
     <span class='ocr_line' id='line_1_18' title="bbox 115 1879 1108 1986; baseline -0.003 -25"><span class='ocrx_word' id='word_1_116' title='bbox 115 1915 250 1986; x_wconf 76' lang='lat' dir='ltr'>corporo</span> <span class='ocrx_word' id='word_1_117' title='bbox 268 1913 309 1959; x_wconf 84' lang='lat' dir='ltr'>ex</span> <span class='ocrx_word' id='word_1_118' title='bbox 326 1889 362 1958; x_wconf 91' lang='lat' dir='ltr'>vi</span> <span class='ocrx_word' id='word_1_119' title='bbox 385 1886 548 1983; x_wconf 85' lang='lat' dir='ltr'>gravitatis</span> <span class='ocrx_word' id='word_1_120' title='bbox 566 1883 706 1954; x_wconf 86' lang='lat' dir='ltr'>ferantur</span> <span class='ocrx_word' id='word_1_121' title='bbox 722 1879 872 1954; x_wconf 88' lang='lat' dir='ltr'>deorsum</span> <span class='ocrx_word' id='word_1_122' title='bbox 892 1908 946 1981; x_wconf 87' lang='lat' dir='ltr'>per</span> <span class='ocrx_word' id='word_1_123' title='bbox 964 1880 1108 1959; x_wconf 81' lang='lat' dir='ltr'>sedecim</span> 
     </span>
     <span class='ocr_line' id='line_1_19' title="bbox 115 1979 1111 2079; baseline -0.007 -19"><span class='ocrx_word' id='word_1_124' title='bbox 115 1990 244 2061; x_wconf 81' lang='lat' dir='ltr'>circiter</span> <span class='ocrx_word' id='word_1_125' title='bbox 258 1982 353 2079; x_wconf 87' lang='lat' dir='ltr'>pedes</span> <span class='ocrx_word' id='word_1_126' title='bbox 369 1987 422 2053; x_wconf 80' lang='lat' dir='ltr'>An</span> <span class='ocrx_word' id='word_1_127' title='bbox 445 1984 574 2060; x_wconf 84' lang='lat' dir='ltr'>licanos,</span> <span class='ocrx_word' id='word_1_128' title='bbox 599 1981 650 2050; x_wconf 92' lang='lat' dir='ltr'>uti</span> <span class='ocrx_word' id='word_1_129' title='bbox 662 1979 852 2079; x_wconf 79' lang='lat' dir='ltr'>experientia</span> <span class='ocrx_word' id='word_1_130' title='bbox 863 1980 1000 2063; x_wconf 81' lang='lat' dir='ltr'>constat3</span> <span class='ocrx_word' id='word_1_131' title='bbox 1015 1981 1111 2057; x_wconf 64' lang='lat' dir='ltr'>duos</span> 
     </span>
     <span class='ocr_line' id='line_1_20' title="bbox 115 2006 1111 2178; baseline -0.005 -22"><span class='ocrx_word' id='word_1_132' title='bbox 115 2087 175 2157; x_wconf 88' lang='lat' dir='ltr'>bus</span> <span class='ocrx_word' id='word_1_133' title='bbox 190 2079 332 2152; x_wconf 85' lang='lat' dir='ltr'>secundis</span> <span class='ocrx_word' id='word_1_134' title='bbox 347 2103 402 2175; x_wconf 85' lang='lat' dir='ltr'>per</span> <span class='ocrx_word' id='word_1_135' title='bbox 415 2006 571 2174; x_wconf 52' lang='lat' dir='ltr'>{uagina</span> <span class='ocrx_word' id='word_1_136' title='bbox 585 2097 725 2169; x_wconf 92' lang='lat' dir='ltr'>quatuor</span> <span class='ocrx_word' id='word_1_137' title='bbox 743 2074 851 2175; x_wconf 80' lang='lat' dir='ltr'>pedes,</span> <span class='ocrx_word' id='word_1_138' title='bbox 875 2087 910 2150; x_wconf 74' lang='grc' dir='ltr'>δι</span> <span class='ocrx_word' id='word_1_139' title='bbox 931 2080 1033 2152; x_wconf 79' lang='lat' dir='ltr'>tribus</span> <span class='ocrx_word' id='word_1_140' title='bbox 1049 2104 1111 2178; x_wconf 84' lang='lat' dir='ltr'>per</span> 
     </span>
     <span class='ocr_line' id='line_1_21' title="bbox 114 2173 1112 2283; baseline -0.002 -31"><span class='ocrx_word' id='word_1_141' title='bbox 114 2181 209 2283; x_wconf 79' lang='lat' dir='ltr'>pedes</span> <span class='ocrx_word' id='word_1_142' title='bbox 229 2173 577 2271; x_wconf 84' lang='lat' dir='ltr'>centumquadraginta</span> <span class='ocrx_word' id='word_1_143' title='bbox 591 2195 730 2268; x_wconf 91' lang='lat' dir='ltr'>quatuor</span> <span class='ocrx_word' id='word_1_144' title='bbox 748 2176 877 2247; x_wconf 84' lang='lat' dir='ltr'>circiter</span> <span class='ocrx_word' id='word_1_145' title='bbox 894 2174 1112 2250; x_wconf 60' lang='lat' dir='ltr'>deorsunfea</span> 
     </span>
     <span class='ocr_line' id='line_1_22' title="bbox 117 2299 238 2356; baseline -0.05 -7"><span class='ocrx_word' id='word_1_146' title='bbox 117 2299 238 2356; x_wconf 82' lang='lat' dir='ltr'>rentur.</span> 
     </span>
     <span class='ocr_line' id='line_1_23' title="bbox 165 2368 1113 2474; baseline -0.002 -30"><span class='ocrx_word' id='word_1_147' title='bbox 165 2375 231 2449; x_wconf 88' lang='lat' dir='ltr'>Vel</span> <span class='ocrx_word' id='word_1_148' title='bbox 245 2369 300 2450; x_wconf 83' lang='lat' dir='ltr'>fic,</span> <span class='ocrx_word' id='word_1_149' title='bbox 325 2396 366 2442; x_wconf 86' lang='lat' dir='ltr'>ex</span> <span class='ocrx_word' id='word_1_150' title='bbox 384 2390 488 2441; x_wconf 85' lang='lat' dir='ltr'>mente</span> <span class='ocrx_word' id='word_1_151' title='bbox 509 2369 650 2450; x_wconf 83' lang='lat' dir='ltr'>Galilaei,</span> <span class='ocrx_word' id='word_1_152' title='bbox 676 2371 707 2441; x_wconf 87' lang='lat' dir='ltr'>in</span> <span class='ocrx_word' id='word_1_153' title='bbox 730 2368 888 2474; x_wconf 76' lang='lat' dir='ltr'>Syflemate</span> <span class='ocrx_word' id='word_1_154' title='bbox 899 2371 957 2463; x_wconf 72' lang='lat' dir='ltr'>fito</span> <span class='ocrx_word' id='word_1_155' title='bbox 977 2374 1113 2464; x_wconf 68' lang='lat' dir='ltr'>cosm</span> 
     </span>
     <span class='ocr_line' id='line_1_24' title="bbox 117 2463 1112 2576; baseline 0 -35"><span class='ocrx_word' id='word_1_156' title='bbox 117 2467 295 2576; x_wconf 83' lang='lat' dir='ltr'>propofitio</span> <span class='ocrx_word' id='word_1_157' title='bbox 325 2463 600 2540; x_wconf 87' lang='lat' dir='ltr'>demonstrabitur.</span> <span class='ocrx_word' id='word_1_158' title='bbox 649 2468 803 2559; x_wconf 86' lang='lat' dir='ltr'>AEqualia</span> <span class='ocrx_word' id='word_1_159' title='bbox 826 2488 969 2565; x_wconf 90' lang='lat' dir='ltr'>tempora</span> <span class='ocrx_word' id='word_1_160' title='bbox 990 2492 1048 2565; x_wconf 82' lang='lat' dir='ltr'>per</span> <span class='ocrx_word' id='word_1_161' title='bbox 1064 2471 1112 2541; x_wconf 84' lang='lat' dir='ltr'>li·</span> 
     </span>
     <span class='ocr_line' id='line_1_25' title="bbox 424 2562 1112 2655; baseline 0.006 -20"><span class='ocrx_word' id='word_1_162' title='bbox 424 2589 494 2636; x_wconf 85' lang='lat' dir='ltr'>neas</span> <span class='ocrx_word' id='word_1_163' title='bbox 513 2564 645 2655; x_wconf 77' lang='lat' dir='ltr'>aquales</span> <span class='ocrx_word' id='word_1_164' title='bbox 662 2562 709 2634; x_wconf 85' lang='lat' dir='ltr'>ab</span> <span class='ocrx_word' id='word_1_165' title='bbox 732 2562 776 2634; x_wconf 89' lang='lat' dir='ltr'>bc</span> <span class='ocrx_word' id='word_1_166' title='bbox 794 2564 840 2634; x_wconf 84' lang='lat' dir='ltr'>cd</span> <span class='ocrx_word' id='word_1_167' title='bbox 853 2565 906 2644; x_wconf 82' lang='lat' dir='ltr'>de,</span> <span class='ocrx_word' id='word_1_168' title='bbox 931 2574 965 2637; x_wconf 89' lang='lat'>&amp;</span> <span class='ocrx_word' id='word_1_169' title='bbox 980 2568 1112 2640; x_wconf 60' lang='lat' dir='ltr'>velocia</span> 
     </span>
     <span class='ocr_line' id='line_1_26' title="bbox 154 2658 1111 2760; baseline -0.005 -19"><span class='ocrx_word' id='word_1_170' title='bbox 154 2682 213 2742; x_wconf 69' lang='lat' dir='ltr'>rid.</span> <span class='ocrx_word' id='word_1_171' title='bbox 227 2682 316 2759; x_wconf 57' lang='grc' dir='ltr'>ΗΜ.</span> <span class='ocrx_word' id='word_1_172' title='bbox 330 2700 379 2760; x_wconf 86' lang='lat'>93·</span> <span class='ocrx_word' id='word_1_173' title='bbox 424 2682 470 2734; x_wconf 81' lang='lat' dir='ltr'>tas</span> <span class='ocrx_word' id='word_1_174' title='bbox 488 2662 518 2731; x_wconf 92' lang='lat' dir='ltr'>in</span> <span class='ocrx_word' id='word_1_175' title='bbox 539 2658 601 2732; x_wconf 87' lang='lat' dir='ltr'>fine</span> <span class='ocrx_word' id='word_1_176' title='bbox 625 2664 720 2757; x_wconf 89' lang='lat' dir='ltr'>primi</span> <span class='ocrx_word' id='word_1_177' title='bbox 742 2663 895 2758; x_wconf 85' lang='lat' dir='ltr'>temporis</span> <span class='ocrx_word' id='word_1_178' title='bbox 915 2687 970 2760; x_wconf 90' lang='lat' dir='ltr'>per</span> <span class='ocrx_word' id='word_1_179' title='bbox 991 2665 1111 2737; x_wconf 80' lang='lat' dir='ltr'>lineam</span> 
     </span>
     <span class='ocr_line' id='line_1_27' title="bbox 127 2754 1115 2854; baseline 0.008 -27"><span class='ocrx_word' id='word_1_180' title='bbox 127 2846 129 2851; x_wconf 16' lang='grc' dir='ltr'><strong><em>Δ</em></strong></span> <span class='ocrx_word' id='word_1_181' title='bbox 424 2754 469 2829; x_wconf 85' lang='lat' dir='ltr'>br</span> <span class='ocrx_word' id='word_1_182' title='bbox 495 2781 694 2854; x_wconf 84' lang='lat' dir='ltr'>exponatur:</span> <span class='ocrx_word' id='word_1_183' title='bbox 734 2764 825 2829; x_wconf 88' lang='lat' dir='ltr'>Cum</span> <span class='ocrx_word' id='word_1_184' title='bbox 851 2784 929 2830; x_wconf 88' lang='lat' dir='ltr'>vero</span> <span class='ocrx_word' id='word_1_185' title='bbox 955 2763 1115 2834; x_wconf 70' lang='lat' dir='ltr'>velocitas</span> 
     </span>
     <span class='ocr_line' id='line_1_28' title="bbox 119 2853 1111 2950; baseline 0.001 -18"><span class='ocrx_word' id='word_1_186' title='bbox 119 2856 177 2932; x_wconf 81' lang='lat' dir='ltr'>ista</span> <span class='ocrx_word' id='word_1_187' title='bbox 191 2883 290 2949; x_wconf 85' lang='lat' dir='ltr'>quam</span> <span class='ocrx_word' id='word_1_188' title='bbox 303 2882 344 2928; x_wconf 91' lang='lat' dir='ltr'>eo</span> <span class='ocrx_word' id='word_1_189' title='bbox 364 2858 428 2927; x_wconf 92' lang='lat' dir='ltr'>loci</span> <span class='ocrx_word' id='word_1_190' title='bbox 441 2853 542 2926; x_wconf 85' lang='lat' dir='ltr'>¹habet</span> <span class='ocrx_word' id='word_1_191' title='bbox 557 2880 671 2950; x_wconf 87' lang='lat' dir='ltr'>corpus</span> <span class='ocrx_word' id='word_1_192' title='bbox 690 2853 801 2926; x_wconf 86' lang='lat' dir='ltr'>cadens</span> <span class='ocrx_word' id='word_1_193' title='bbox 820 2880 881 2927; x_wconf 93' lang='lat' dir='ltr'>non</span> <span class='ocrx_word' id='word_1_194' title='bbox 897 2855 991 2930; x_wconf 85' lang='lat' dir='ltr'>srmul</span> <span class='ocrx_word' id='word_1_195' title='bbox 1004 2855 1041 2932; x_wconf 73' lang='lat' dir='ltr'>ec</span> <span class='ocrx_word' id='word_1_196' title='bbox 1058 2859 1111 2932; x_wconf 58' lang='lat' dir='ltr'>se·J</span> 
     </span>
     <span class='ocr_line' id='line_1_29' title="bbox 119 2940 1111 3053; baseline -0.001 -25"><span class='ocrx_word' id='word_1_197' title='bbox 119 2940 185 3028; x_wconf 88' lang='lat' dir='ltr'>mei</span> <span class='ocrx_word' id='word_1_198' title='bbox 200 2950 252 3023; x_wconf 85' lang='lat' dir='ltr'>sed</span> <span class='ocrx_word' id='word_1_199' title='bbox 273 2975 360 3025; x_wconf 90' lang='lat' dir='ltr'>certo</span> <span class='ocrx_word' id='word_1_200' title='bbox 378 2954 530 3043; x_wconf 83' lang='lat' dir='ltr'>temporis</span> <span class='ocrx_word' id='word_1_201' title='bbox 548 2952 647 3046; x_wconf 87' lang='lat' dir='ltr'>spatio</span> <span class='ocrx_word' id='word_1_202' title='bbox 665 2977 720 3048; x_wconf 84' lang='lat' dir='ltr'>per</span> <span class='ocrx_word' id='word_1_203' title='bbox 738 2956 851 3024; x_wconf 88' lang='lat' dir='ltr'>lineam</span> <span class='ocrx_word' id='word_1_204' title='bbox 876 2956 1031 3053; x_wconf 86' lang='lat' dir='ltr'>integram</span> <span class='ocrx_word' id='word_1_205' title='bbox 1057 2956 1111 3028; x_wconf 74' lang='lat' dir='ltr'>ab</span> 
     </span>
     <span class='ocr_line' id='line_1_30' title="bbox 122 3047 1110 3152; baseline 0.01 -34"><span class='ocrx_word' id='word_1_206' title='bbox 122 3047 281 3146; x_wconf 82' lang='lat' dir='ltr'>expofito‚</span> <span class='ocrx_word' id='word_1_207' title='bbox 305 3077 346 3135; x_wconf 85' lang='lat' dir='ltr'>ex</span> <span class='ocrx_word' id='word_1_208' title='bbox 359 3052 518 3121; x_wconf 86' lang='lat' dir='ltr'>&#39;continua</span> <span class='ocrx_word' id='word_1_209' title='bbox 534 3056 569 3120; x_wconf 90' lang='lat'><strong>&amp;</strong></span> <span class='ocrx_word' id='word_1_210' title='bbox 588 3048 742 3121; x_wconf 88' lang='lat' dir='ltr'>uniformi</span> <span class='ocrx_word' id='word_1_211' title='bbox 764 3053 800 3122; x_wconf 88' lang='lat' dir='ltr'>vi</span> <span class='ocrx_word' id='word_1_212' title='bbox 824 3055 1013 3126; x_wconf 81' lang='lat' dir='ltr'>accelerante</span> <span class='ocrx_word' id='word_1_213' title='bbox 1032 3074 1110 3152; x_wconf 55' lang='grc' dir='ltr'>μδ</span> 
     </span>
     <span class='ocr_line' id='line_1_31' title="bbox 103 3143 1110 3244; baseline 0.003 -24"><span class='ocrx_word' id='word_1_214' title='bbox 103 3216 105 3220; x_wconf 87' lang='lat'>.</span> <span class='ocrx_word' id='word_1_215' title='bbox 122 3146 224 3221; x_wconf 83' lang='lat' dir='ltr'>datim</span> <span class='ocrx_word' id='word_1_216' title='bbox 238 3143 390 3239; x_wconf 84' lang='lat' dir='ltr'>acquisita</span> <span class='ocrx_word' id='word_1_217' title='bbox 400 3146 511 3226; x_wconf 87' lang='lat' dir='ltr'>fuerit,</span> <span class='ocrx_word' id='word_1_218' title='bbox 535 3148 584 3218; x_wconf 91' lang='lat' dir='ltr'>uti</span> <span class='ocrx_word' id='word_1_219' title='bbox 596 3146 659 3234; x_wconf 89' lang='lat' dir='ltr'>jam</span> <span class='ocrx_word' id='word_1_220' title='bbox 677 3145 833 3225; x_wconf 80' lang='lat' dir='ltr'>diximus,</span> <span class='ocrx_word' id='word_1_221' title='bbox 857 3150 965 3244; x_wconf 89' lang='lat' dir='ltr'>itaque</span> <span class='ocrx_word' id='word_1_222' title='bbox 984 3146 1110 3223; x_wconf 67' lang='lat' dir='ltr'>necess‘e</span> 
     </span>
     <span class='ocr_line' id='line_1_32' title="bbox 122 3245 1111 3345; baseline 0.003 -27"><span class='ocrx_word' id='word_1_223' title='bbox 122 3245 182 3326; x_wconf 86' lang='lat' dir='ltr'>est,</span> <span class='ocrx_word' id='word_1_224' title='bbox 196 3267 234 3317; x_wconf 91' lang='lat' dir='ltr'>ut</span> <span class='ocrx_word' id='word_1_225' title='bbox 245 3249 383 3337; x_wconf 80' lang='lat' dir='ltr'>reliquos</span> <span class='ocrx_word' id='word_1_226' title='bbox 398 3269 505 3317; x_wconf 87' lang='lat' dir='ltr'>omnes</span> <span class='ocrx_word' id='word_1_227' title='bbox 517 3247 652 3316; x_wconf 88' lang='lat' dir='ltr'>minores</span> <span class='ocrx_word' id='word_1_228' title='bbox 665 3247 844 3316; x_wconf 82' lang='lat' dir='ltr'>velocitatis</span> <span class='ocrx_word' id='word_1_229' title='bbox 854 3247 976 3343; x_wconf 83' lang='lat' dir='ltr'>&#39;gradus</span> <span class='ocrx_word' id='word_1_230' title='bbox 990 3250 1111 3345; x_wconf 58' lang='lat' dir='ltr'>artiga</span> 
     </span>
     <span class='ocr_line' id='line_1_33' title="bbox 124 3340 1110 3442; baseline 0 -26"><span class='ocrx_word' id='word_1_231' title='bbox 124 3347 170 3416; x_wconf 85' lang='lat' dir='ltr'>rit</span> <span class='ocrx_word' id='word_1_232' title='bbox 188 3346 271 3437; x_wconf 88' lang='lat' dir='ltr'>prius</span> <span class='ocrx_word' id='word_1_233' title='bbox 291 3369 389 3435; x_wconf 88' lang='lat' dir='ltr'>quam</span> <span class='ocrx_word' id='word_1_234' title='bbox 411 3344 614 3413; x_wconf 86' lang='lat' dir='ltr'>velocitatem</span> <span class='ocrx_word' id='word_1_235' title='bbox 634 3340 679 3412; x_wconf 86' lang='lat' dir='ltr'>bt</span> <span class='ocrx_word' id='word_1_236' title='bbox 702 3344 896 3435; x_wconf 85' lang='lat' dir='ltr'>acquireret‚·</span> <span class='ocrx_word' id='word_1_237' title='bbox 920 3345 1004 3419; x_wconf 87' lang='lat' dir='ltr'>unde</span> <span class='ocrx_word' id='word_1_238' title='bbox 1018 3347 1110 3442; x_wconf 59' lang='lat' dir='ltr'>prior</span> 
     </span>
     <span class='ocr_line' id='line_1_34' title="bbox 124 3438 1110 3540; baseline -0.001 -25"><span class='ocrx_word' id='word_1_239' title='bbox 124 3466 173 3515; x_wconf 80' lang='lat' dir='ltr'>res</span> <span class='ocrx_word' id='word_1_240' title='bbox 188 3441 254 3515; x_wconf 79' lang='lat' dir='ltr'>istae</span> <span class='ocrx_word' id='word_1_241' title='bbox 274 3442 450 3513; x_wconf 86' lang='lat' dir='ltr'>velocitatis</span> <span class='ocrx_word' id='word_1_242' title='bbox 468 3438 583 3535; x_wconf 83' lang='lat' dir='ltr'>gradus</span> <span class='ocrx_word' id='word_1_243' title='bbox 601 3463 657 3536; x_wconf 85' lang='lat' dir='ltr'>per</span> <span class='ocrx_word' id='word_1_244' title='bbox 677 3441 770 3512; x_wconf 82' lang='lat' dir='ltr'>lineas</span> <span class='ocrx_word' id='word_1_245' title='bbox 786 3441 921 3514; x_wconf 88' lang='lat' dir='ltr'>minores</span> <span class='ocrx_word' id='word_1_246' title='bbox 933 3445 952 3513; x_wconf 72' lang='lat' dir='ltr'>a</span> <span class='ocrx_word' id='word_1_247' title='bbox 965 3443 1110 3540; x_wconf 71' lang='lat' dir='ltr'>partibus</span> 
     </span>
     <span class='ocr_line' id='line_1_35' title="bbox 431 3534 1111 3638; baseline 0.006 -30"><span class='ocrx_word' id='word_1_248' title='bbox 431 3539 582 3623; x_wconf 78' lang='lat' dir='ltr'>temporis</span> <span class='ocrx_word' id='word_1_249' title='bbox 608 3534 654 3607; x_wconf 84' lang='lat' dir='ltr'>ab</span> <span class='ocrx_word' id='word_1_250' title='bbox 675 3538 832 3630; x_wconf 76' lang='lat' dir='ltr'>&#39;lineaque</span> <span class='ocrx_word' id='word_1_251' title='bbox 869 3539 912 3609; x_wconf 80' lang='lat' dir='ltr'>rb</span> <span class='ocrx_word' id='word_1_252' title='bbox 944 3541 1111 3638; x_wconf 75' lang='lat' dir='ltr'>parallelas</span> 
     </span>
     <span class='ocr_line' id='line_1_36' title="bbox 162 3628 1113 3731; baseline 0.002 -25"><span class='ocrx_word' id='word_1_253' title='bbox 162 3649 388 3728; x_wconf 77' lang='lat' dir='ltr'>†Prop.3.supra.</span> <span class='ocrx_word' id='word_1_254' title='bbox 431 3628 542 3707; x_wconf 62' lang='lat' dir='ltr'>dunas</span> <span class='ocrx_word' id='word_1_255' title='bbox 566 3657 764 3731; x_wconf 85' lang='lat' dir='ltr'>exponentur</span> <span class='ocrx_word' id='word_1_256' title='bbox 776 3662 788 3718; x_wconf 81' lang='lat'>3</span> <span class='ocrx_word' id='word_1_257' title='bbox 816 3642 850 3705; x_wconf 67' lang='grc' dir='ltr'>ὅ(</span> <span class='ocrx_word' id='word_1_258' title='bbox 875 3663 951 3708; x_wconf 89' lang='lat' dir='ltr'>cum</span> <span class='ocrx_word' id='word_1_259' title='bbox 977 3639 1113 3717; x_wconf 78' lang='lat' dir='ltr'>†uelo-</span> 
     </span>
     <span class='ocr_line' id='line_1_37' title="bbox 432 3732 1112 3828; baseline 0.003 -26"><span class='ocrx_word' id='word_1_260' title='bbox 432 3734 507 3805; x_wconf 86' lang='lat' dir='ltr'>citas</span> <span class='ocrx_word' id='word_1_261' title='bbox 530 3759 605 3805; x_wconf 89' lang='lat' dir='ltr'>cum</span> <span class='ocrx_word' id='word_1_262' title='bbox 629 3753 772 3828; x_wconf 89' lang='lat' dir='ltr'>tempore</span> <span class='ocrx_word' id='word_1_263' title='bbox 796 3732 1004 3806; x_wconf 84' lang='lat' dir='ltr'>uniformiter</span> <span class='ocrx_word' id='word_1_264' title='bbox 1025 3733 1112 3806; x_wconf 83' lang='lat' dir='ltr'>cres·</span> 
     </span>
     <span class='ocr_line' id='line_1_38' title="bbox 128 3825 1115 3927; baseline 0.003 -27"><span class='ocrx_word' id='word_1_265' title='bbox 128 3849 193 3912; x_wconf 83' lang='lat' dir='ltr'>cat,</span> <span class='ocrx_word' id='word_1_266' title='bbox 210 3827 299 3903; x_wconf 78' lang='lat' dir='ltr'>linea</span> <span class='ocrx_word' id='word_1_267' title='bbox 311 3825 378 3903; x_wconf 79' lang='lat' dir='ltr'>ista</span> <span class='ocrx_word' id='word_1_268' title='bbox 388 3828 482 3926; x_wconf 74' lang='lat' dir='ltr'>juxta</span> <span class='ocrx_word' id='word_1_269' title='bbox 500 3827 746 3904; x_wconf 81' lang='lat' dir='ltr'>indivifibilium</span> <span class='ocrx_word' id='word_1_270' title='bbox 761 3828 954 3905; x_wconf 76' lang='lat' dir='ltr'>methodiun</span> <span class='ocrx_word' id='word_1_271' title='bbox 965 3834 1115 3927; x_wconf 79' lang='lat' dir='ltr'>triangu-¹</span> 
     </span>
    </p>
   </div>
   <div class='ocr_carea' id='block_1_3' title="bbox 0 0 1227 4328">
    <p class='ocr_par' dir='ltr' id='par_1_3' title="bbox 0 0 1227 4328">
     <span class='ocr_line' id='line_1_39' title="bbox 0 0 1227 4328; baseline 0 0"><span class='ocrx_word' id='word_1_272' title='bbox 0 0 1227 4328; x_wconf 95' lang='lat' dir='ltr'> </span> 
     </span>
    </p>
   </div>
  </div>
 </body>
</html>
