2438 4328
10 40 117 93 W·-
144 48 148 55 .

52 162 55 166 ’
191 167 875 253 ΡΗΥειοο-ΜΑΤΗΕΜΑῊΜ.
974 135 1036 272 273

56 303 252 387 mechanicas
270 308 399 382 materia
413 307 546 381 vorticis
560 305 592 374 in
604 304 701 401 spatio
713 303 891 403 angustiore
910 304 989 377 inter
1002 311 1057 376 Αζ

57 419 93 482 &
114 418 141 482 C
162 409 304 482 velocius
317 408 442 480 moveri
453 403 566 477 debeat
579 423 678 495 quam
698 406 729 474 in
750 402 848 498 spatio
867 405 976 475 latiore
993 406 1055 474 ina‘

57 528 107 580 ter
131 513 166 578 D
190 513 223 576 &
247 510 278 574 F
286 537 297 575 .-
322 501 429 583 idest,
454 506 486 575 in
507 526 523 572 a
545 498 632 571 helio
644 502 786 572 velocius
798 519 895 593 quarn
910 502 942 590 in
956 501 1039 597 peri·

56 604 161 676 helio:
188 599 291 692 Qrod
310 601 380 673 fieri
396 624 451 697 per
470 524 632 670 obsdrvata
647 597 709 669 ntin
724 596 839 695 potest.
889 600 942 669 Sic
955 598 1037 676 sane,

54 700 194 796 exempli
208 699 321 808 gratia,
347 703 385 767 In
398 698 555 864 princigio
574 692 823 807 figniVirginis,
848 695 906 766 ubi
922 695 1057 768 Martis¹

56 795 218 896 aphelium
235 821 298 886 jam
312 794 464 874 versatur,
518 791 638 864 istamit
656 813 735 865 mter
754 794 847 864 orbes
868 795 1037 864 Martis&

55 896 190 966 Veneris
208 890 254 963 est
275 889 316 963 ad
333 890 507 964 eorundem
532 887 709 961 distantiam
733 892 765 961 in
786 890 944 987 principio
958 887 1040 985 figni

59 992 198 1064 Piscium
213 992 244 1061 in
263 991 382 1061 ratione
394 988 460 1061 fere
471 985 680 1080 sesquialtera3
709 985 774 1058 sive
790 1007 827 1058 ut
839 988 899 1058 tria
908 984 948 1058 ad
958 985 1039 1058 duo·

58 1090 280 1186 Etpropterea
295 1089 434 1158 Materia
452 1084 596 1157 Vorticis
612 1085 694 1156 inter
708 1084 800 1154 orbes
811 1085 881 1156 illos
901 1085 934 1154 in
953 1082 1039 1180 prin·

57 1187 145 1282 cipio
167 1185 304 1256 Piscium
330 1181 426 1256 debet
450 1179 510 1254 elle
533 1180 677 1254 velocior
706 1200 802 1275 quam
819 1181 857 1271 in
882 1181 1042 1278 principio

57 1283 202 1378 Virginis
222 1283 254 1351 in
272 1280 392 1352 ratione
411 1278 521 1352 eadem
540 1270 745 1373 sesquialtera.
802 1282 890 1351 Nam
904 1300 972 1371 quo
987 1300 1041 1349 an·

57 1377 179 1475 gustius
191 1376 235 1448 esl
259 1372 394 1473 spatium
413 1399 469 1476 per
488 1375 580 1469 quod
599 1375 709 1448 eadem
728 1376 867 1446 materiae
885 1374 1044 1467 quantitas

58 1472 171 1545 eodem
184 1475 390 1546 revolutionis
399 1478 491 1546 unius
502 1494 643 1570 tempore
656 1470 778 1554 transit,
789 1496 829 1542 eo
841 1470 953 1562 majori
965 1494 1042 1544 cum

59 1573 228 1642 velocitate
243 1568 369 1642 transire
387 1569 494 1642 debet.
535 1572 641 1665 Igitur
655 1567 680 1641 li
696 1592 776 1642 terra
795 1571 826 1641 in
843 1567 902 1640 hac
914 1569 1044 1661 materia

10 1664 13 1670 ’
59 1665 181 1739 coel‘esti
203 1668 332 1739 relative
355 1667 516 1761 quiescens
530 1664 569 1736 ab
591 1665 700 1740 eadem
727 1665 899 1746 deseratur,
925 1673 959 1736 δε
981 1689 1043 1738 una

59 1767 142 1837 circa
161 1766 266 1836 Solem
282 1767 477 1846 revolvatur,
502 1763 586 1835 foret
602 1761 698 1854 hujus
711 1764 860 1836 velocitas
877 1763 909 1832 in
923 1764 1043 1860 princi·
1076 1777 1077 1782 ’

57 1864 112 1959 pio
125 1861 273 1941 Piscium,
298 1858 338 1932 ad
358 1859 498 1953 ejusdem
516 1860 717 1932 velocitatem
738 1861 768 1932 in
793 1860 950 1956 principio
964 1857 1043 1932 Vit-

56 1958 150 2057 ginis,
175 1959 206 2031 in
232 1959 353 2030 ratione
378 1953 583 2051 sesquialtera.
635 1952 737 2031 Unde
763 1957 841 2029 Solis
865 1977 972 2055 motus
989 1977 1044 2026 an·

56 2081 138 2127 nuus
156 2079 298 2152 apparens
313 2057 403 2126 unius
416 2053 482 2127 diei
498 2076 653 2152 tempore,
673 2055 704 2124 in
723 2054 881 2149 principio
895 2054 1041 2151 Virginis

58 2153 160 2242 maior
176 2146 252 2223 esser
271 2176 368 2244 quarn
386 2160 457 2248 70',
488 2158 522 2223 &
543 2153 574 2223 in
595 2150 752 2247 principio
773 2150 912 2222 Piscium
937 2152 1043 2221 minor

58 2274 157 2339 quam
174 2248 245 2342 48'.
271 2273 346 2320 cum
366 2271 468 2320 tamen
489 2249 694 2347 (experientia
708 2244 804 2337 teste)
829 2269 973 2344 apparens
985 2243 1061 2318 iste'

62 2347 143 2415 Solis
161 2364 268 2414 motus
292 2346 434 2416 velocior
450 2343 488 2415 fit
512 2345 721 2441 in·'principio
740 2342 883 2415 Piscium·
896 2350 995 2436 duam
1012 2340 1057 2414 in'

58 2442 217 2540 principio
235 2441 379 2538 Virginis
384 2468 395 2523 3
422 2448 456 2512 &
477 2462 640 2539 propterea
649 2446 752 2512 Terra
759 2441 902 2512 velocior
914 2442 945 2511 in
958 2441 1043 2536 prin·⁸

59 2541 147 2636 cipio
165 2538 308 2633 Virginis
321 2562 419 2631 quam
433 2540 464 2610 in
480 2539 636 2634 principio
655 2537 805 2609 Piscium.
837 2542 952 2630 Itaque
965 2540 1064 2634 Hym⁴
1181 2544 1183 2548 '

60 2632 200 2733 pothesrs
218 2636 395 2707 Vorticum
415 2660 490 2707 cum
499 2633 715 2706 Phaenomenis
730 2630 1045 2725 Astronomicisom·

59 2736 135 2804 nino
154 2752 294 2830 pugnat3
322 2738 429 2804 &non
440 2755 506 2804 tam
519 2731 559 2803 ad
571 2725 785 2830 explicandos,
809 2727 960 2825 quamad
972 2752 1046 2827 perf

61 2829 232 2902 turbandos
248 2850 355 2902 motus
368 2828 507 2902 coelestes
522 2828 688 2903 conducit.
807 2843 810 2847 ’
1061 2853 1065 2863 ’

106 2927 270 2997 Scholinm.
321 2928 488 3002 Haslenus
503 2929 659 3026 Principia
674 2917 888 3024 Philosophiae
901 2929 1043 3000 Natura·
1062 2938 1067 2949 '

61 3024 98 3094 lis
119 3024 138 3095 ὲ
161 3026 216 3095 Cl.
244 3029 411 3097 Newtono
431 3022 630 3097 tradidimus.
681 3030 761 3098 Non
786 3045 891 3096 tamen
917 3023 1069 3120 proprie)

59 3122 221 3214 loquendo
240 3146 277 3193 ea
296 3117 530 3220 Philosophice‚
555 3124 608 3194 vel
620 3119 771 3221 physice,
795 3119 847 3192 sed
865 3114 1064 3195 Mathemaf¹

60 3219 125 3288 tice
144 3219 251 3314 potius
272 3216 472 3291 tradidimus.
522 3221 690 3292 Generales
701 3220 821 3316 quippe
840 3237 992 3291 motuum
1011 3221 1067 3287 δεῖ

62 3316 182 3385 virium
202 3316 284 3411 leges
312 3322 347 3387 &
373 3314 569 3389 conditiones
590 3314 828 3388 Astronomiam
850 3316 884 3385 ’δι
901 3310 1074 3386 philolo-t

62 3407 172 3506 phiam
200 3413 386 3484 Naturalcm
418 3416 557 3486 maxime
582 3413 752 3511 spestmtes
778 3409 946 3508 hucusque
978 3428 1069 3485 mt·'

39 3552 41 3556 .
60 3503 167 3578 thodo
184 3510 342 3606 praecipue
360 3508 592 3584 Mathematica
607 3517 641 3582 &
666 3508 835 3587 universali
856 3503 1049 3602 Oonlidtra·

59 3604 176 3674 vimus.
221 3608 344 3678 Omnia
364 3627 480 3688 tamen,
505 3631 544 3680 ne
558 3605 671 3680 sterilia
688 3601 889 3688 viderentuo
912 3597 1062 3684 Schollis·

61 3723 125 3770 non
148 3701 260 3794 paucis·
278 3707 323 3771 δι’
339 3702 524 3777 Corollariis
550 3702 795 3788 nstrononicis
811 3700 985 3803 Physicis,
1013 3706 1074 3773 &l

62 3798 196 3898 Opticis
207 3797 315 3879 etiam,
339 3820 435 3896 atque
450 3797 650 3878 Mechanicis
669 3824 725 3901 per
737 3820 843 3883 totun
852 3795 1072 3964 nadgtionit·

614 3901 650 3980 T
744 3904 746 3908 “
952 3912 1060 3964 stim
1184 3969 1187 3974 .
