2438 4328
69 36 939 187 Wrnrsreo-MATHEMATIM.
1031 140 1094 214 245

165 257 267 324 Coroll.
290 253 357 340 (6.)
384 251 520 323 Proinde
545 257 673 348 Corpus
692 249 783 343 quod
803 249 948 347 specifice
965 255 1096 348 gravius

112 349 160 421 est
176 376 271 443 quam
286 348 426 421 fluidum
444 349 504 421 srbi
523 352 714 447 contiguum
735 347 924 429 subsidebit3
953 356 985 418 ἃ
1004 351 1096 444 quod

114 447 259 544 specifice
274 448 382 522 levius<
392 445 439 521 est
452 446 606 528 ascendet,
629 468 822 538 motumque
842 455 875 518 &
890 445 1003 543 figurae
1022 474 1096 520 rnu-

114 547 265 617 tationem
286 545 505 639 consequetur,
530 566 685 637 quantum
701 541 842 624 excessus
863 545 914 615 ille
932 545 984 613 vel
1004 543 1095 615 defe-

116 644 185 713 ssus
208 645 372 738 gravitatis
397 640 523 715 efficere
543 640 649 740 possit.
702 647 788 713 Nam
811 638 953 712 excessus
971 642 1023 712 ille
1042 645 1095 715 ves

112 735 255 810 defessus
271 742 423 812 rationem
441 738 536 812 habet
549 739 711 837 impulsus,
733 763 803 830 quo
821 763 944 836 corpus,
970 739 1041 810 alias
1062 742 1095 812 in

112 836 293 930 aequilibrio
319 863 402 911 cum,
418 834 514 909 fluidi
534 837 674 933 partibus
691 833 914 915 constitutum,
939 857 1074 930 urgetur
1080 864 1093 919 3

113 936 338 1031 &comparari
358 932 462 1030 potest
484 959 560 1004 cum
577 930 703 1007 excessu
727 937 778 1006 vel
796 932 927 1006 defeetu
947 931 1094 1028 ponderis

113 1031 239 1105 inlance
253 1032 400 1102 alterutra
416 1032 517 1103 librae.

163 1131 265 1197 Coroll.
283 1134 350 1224 (7.)
367 1132 551 1224 Corporum
566 1129 666 1226 igitur
679 1129 710 1197 in
724 1124 832 1198 fluidis
844 1124 1094 1199 constitutorum

112 1221 231 1319 duplex
248 1223 295 1294 est
312 1227 466 1321 gravitast
493 1228 585 1297 altera
602 1250 675 1297 vera
693 1230 726 1293 δε
742 1224 872 1317 absiluta
880 1251 891 1306 3
924 1224 1019 1294 altera
1036 1248 1091 1321 ap·

111 1343 231 1414 parens,
245 1321 394 1418 vulgaris,
407 1329 660 1418 &cooperativa
685 1323 833 1393 Gravitas
844 1321 974 1414 abjiluta
988 1317 1034 1390 est
1045 1322 1095 1392 vis

113 1437 181 1486 tota
195 1441 257 1510 qua
268 1442 381 1515 corpus
398 1418 543 1491 deorsum
558 1418 673 1499 tendit,
696 1416 765 1488 -srve
775 1443 839 1512 qua
855 1441 968 1512 corpus
982 1419 1096 1489 inloto

115 1537 220 1583 vacuo
244 1513 456 1597 descenderet.
507 1518 657 1597 Gravitas
679 1518 807 1587 relativa
831 1523 864 1586 &
889 1517 1027 1612 vulgaris
1048 1512 1095 1588 est

113 1607 254 1682 excessus
278 1614 527 1708 gravitatisque
553 1630 667 1708 corpus
690 1615 790 1709 magis
815 1611 932 1685 tendit⁴
946 1611 1095 1688 deorsum

115 1731 210 1797 quam
229 1707 368 1780 fluidtun
382 1710 530 1782 ambiens.
581 1712 698 1781 Prioris
713 1713 833 1806 generis
852 1711 1006 1806 gravitate
1024 1733 1093 1805 par-

114 1824 163 1885 tes
184 1803 360 1880 fluidorum
383 1813 415 1876 &
441 1831 611 1902 corporum
636 1808 781 1876 omnium
798 1808 958 1902 gravitant
973 1807 1004 1875 in
1018 1807 1096 1875 locis
1168 1875 1169 1878 ,

114 1901 187 1980 suis,
199 1899 339 1995 ideoque
357 1903 532 1993 conjuretis
544 1901 737 2000 ponderibus
755 1923 951 1999 componunt
970 1899 1095 1999 pondus

108 2001 224 2079 totius,
283 2005 370 2072 Nam
396 2023 504 2071 totum
526 2025 619 2071 omne
641 2025 737 2097 grave
757 1997 813 2078 est,
840 2021 877 2071 ut
900 2001 932 2070 in
957 1997 1035 2070 vasis
1056 1999 1096 2069 li-

114 2120 254 2188 quorum
272 2099 368 2192 plenis
382 2100 518 2195 experiri
538 2101 629 2170 licet:
657 2094 833 2204 &ppondus
855 2099 955 2173 totius
978 2097 1097 2188 equale

113 2191 161 2267 est
192 2192 382 2287 ponderibus
406 2199 552 2266 omnium
574 2197 729 2294 partium,
763 2192 902 2288 ideoque
921 2218 962 2271 ex
984 2191 1096 2265 iisdem

115 2290 337 2383 componitur3
363 2291 488 2363 aliunde
508 2296 592 2367 enim
611 2291 747 2369 derivari
764 2316 830 2366 non
839 2288 962 2389 potest.
1001 2293 1097 2361 Alte-

115 2388 180 2456 rius
191 2389 311 2482 generis
328 2390 499 2483 gravitate,
524 2415 598 2485 quae
608 2414 719 2486 nempe
737 2413 891 2485 apparens,
915 2387 1097 2484 vulgaris&

114 2492 318 2578 comparativa
334 2485 478 2581 appellari
499 2484 614 2580 potest,
640 2511 771 2581 corpora
794 2510 856 2556 non
881 2486 1040 2580 gravitant
1064 2484 1097 2557 in

117 2583 251 2677 propriis
269 2582 359 2661 locis,
385 2582 437 2652 seu
452 2584 483 2652 in
497 2583 674 2663 fluidissuis
685 2583 857 2679 respedtive
877 2581 1038 2661 immersa3
1062 2576 1097 2650 id

117 2675 175 2756 est,
202 2680 282 2749 inter
296 2677 325 2748 se
342 2681 454 2750 collata
473 2703 534 2751 non
548 2701 746 2778 pregravatur,
772 2677 824 2749 sed
843 2699 973 2771 mutuos
986 2676 1026 2748 ad
1039 2674 1097 2746 de-

115 2772 327 2847 scendendum
343 2798 472 2848 conatus
486 2776 689 2873 impedientia
705 2797 885 2872 permanent
898 2777 928 2845 in
938 2775 1015 2851 locis
1026 2772 1100 2853 suis,

115 2869 244 2968 perinde
264 2898 299 2946 ac
325 2870 348 2944 fi
368 2874 476 2970 gravia
503 2898 565 2944 non
589 2873 714 2945 essentr
741 2873 792 2943 uti
817 2895 949 2967 corpora
973 2869 1099 2962 quaevis

115 2969 225 3065 gravia
245 2971 326 3040 intra
352 2969 500 3066 sphaeram
528 2995 699 3042 concavam
727 2967 828 3065 pofita
859 2993 899 3051 err
922 2968 1100 3060 equalitate

112 3066 333 3161 gravitationis
349 3067 491 3161 undique
508 3069 632 3139 versum
651 3068 740 3142 nullo
758 3064 858 3137 modo
869 3067 1029 3164 ,gravitate
1049 3064 1102 3135 vi-

116 3161 244 3243 dentur,
276 3165 325 3235 uti
352 3166 431 3244 olim
452 3164 663 3248 observatum.
706 3165 770 3245 ,sic
802 3163 869 3234 sane
890 3164 1014 3256 quein
1033 3184 1101 3234 aere

120 3260 203 3338 sunt,
228 3267 262 3330 δε
286 3285 347 3331 non
368 3283 572 3358 pergravant,
598 3261 663 3332 sive
681 3284 743 3331 non
765 3262 896 3332 omnino
912 3260 944 3329 in
963 3282 1030 3334 aere
1043 3255 1101 3328 de-

119 3353 282 3436 scendunt,
307 3361 357 3430 uti
375 3360 521 3430 nubes&
534 3382 678 3456 vapores,
702 3358 820 3452 vulgus
841 3354 972 3438 subinde
993 3357 1101 3452 gravia

119 3476 183 3524 non
196 3451 331 3540 judicat.
357 3463 441 3544 Quae
453 3474 661 3552 praegravant,
688 3452 798 3529 sivein
813 3476 881 3526 aere
894 3450 1102 3535 descendunt,

120 3550 171 3624 uti
187 3549 323 3644 grando,
348 3559 496 3650 &guttae
508 3556 639 3650 pluvie,
663 3577 699 3623 ea
711 3552 828 3649 vulgus
838 3552 946 3648 gravia
958 3548 1101 3641 judicem

107 3649 401 3737 ,quatenusabaeris
413 3649 551 3747 pondere
562 3676 624 3722 non
637 3647 836 3722 sustinentur.
854 3646 995 3718 Pondera
1011 3647 1104 3743 vulgi

104 3739 198 3830 nihil
217 3744 304 3829 aliud
319 3745 389 3834 sunt
410 3773 506 3850 quam
526 3745 838 3922 exctffusperorum
856 3742 1035 3845 ponderum
1049 3743 1101 3822 sur

108 3864 117 3903 δ.
734 3870 750 3947 p
1054 3861 1107 3941 pm
