2438 4328
264 78 948 209 arnsrco-'MArur'MArrffi
1022 100 1096 185 zoi·

108 245 207 315 altero
218 239 437 340 hemispherio
448 236 612 313 desertum
623 241 770 312 earumin
785 239 882 310 altero
896 234 1093 341 hemispha-

110 346 163 412 rio
182 340 339 422 excelsum
364 337 625 435 compensantem,
656 341 739 410 vires
759 340 890 435 integras
909 360 1001 409 axem
1022 354 1101 411 mo·'

113 461 192 510 turae
213 440 386 522 etiamnum
408 437 541 531 aequales
557 434 748 517 manebunt,
772 456 877 527 neque
896 435 992 513 ullam
1013 434 1098 526 ejus·

113 536 186 606 dem
199 535 424 606 titubationem
437 529 586 604 efficient.
636 539 687 605 Ita
708 553 745 605 ut
761 555 864 626 neque
878 555 918 601 ex
937 528 1096 642 supposita

112 635 258 725 inaequali
267 629 323 702 ista
331 629 498 702 altitudine
510 651 566 701 aut
577 627 728 703 denfitate
742 628 916 704 Titubatio
931 653 996 700 axis
1010 631 1104 707 Gre·'

110 733 239 829 goriana
261 731 327 801 ullo
342 726 443 798 modo
462 725 619 819 sequatur.
670 725 862 825 Respondeo
1092 734 1111 788 ’-

163 832 232 923 (4.)
263 828 297 895 Si
314 826 411 921 ipsam
426 826 521 895 etiam
544 828 609 897 axis
624 823 776 897 terrestris
794 822 1018 897 titubationem
1030 819 1096 895 dis·

112 922 245 1020 putandi
264 924 364 1019 gratia
389 921 642 1018 supponemus,
666 946 769 1015 neque
789 919 832 994 src
852 919 1097 1017 scopum'suum

112 1023 281 1119 attingeret
301 1020 491 1115 Gregorius.
538 1019 659 1089 Talem
686 1020 770 1090 enim
794 1016 851 1090 iste
868 1016 1097 1089 titubationem

113 1119 263 1215 supponit
292 1108 392 1208 qualis
416 1117 447 1186 in
471 1112 674 1189 solstitiorum
699 1139 764 1186 uno
788 1112 827 1185 ad
852 1116 1022 1187 minimum
1048 1116 1098 1189 in·

112 1215 288 1288 clinationis
311 1216 463 1310 angulum
486 1238 577 1284 axem
602 1212 781 1293 reduceret,
806 1218 840 1282 &
865 1211 904 1282 ad
920 1212 1099 1284 maximum

113 1314 146 1384 in
163 1311 273 1381 altero.
322 1314 376 1379 Ex
394 1311 553 1404 principiis
571 1333 677 1383 autem
693 1309 851 1383 Newtoni
870 1310 955 1405 prius
974 1308 1097 1406 positis,

114 1431 189 1498 quae
204 1413 238 1476 δι
249 1401 346 1501 ipsius
361 1408 512 1501 Gregorii
521 1407 590 1478 sune
602 1411 717 1506 pariter
729 1405 891 1503 principia,
915 1401 1100 1500 sequeretur

115 1505 292 1573 maximum
308 1503 516 1574 inclinationis
528 1505 594 1575 axis
611 1508 763 1602 angulum
780 1503 849 1574 fore
873 1507 905 1573 in
921 1504 1100 1575 ortantibus

114 1598 188 1695 post
201 1597 376 1671 Nodorum
388 1601 548 1697 syzygias,
568 1606 601 1670 δι
613 1604 783 1672 minimum
796 1603 826 1671 in
839 1596 1016 1677 odantibus
1026 1599 1099 1702 poll

116 1695 288 1767 eorundem
304 1697 505 1789 quadraturas
518 1724 529 1779 ;
556 1698 599 1767 ita
614 1717 663 1777 ut,
689 1695 780 1790 quod
800 1699 887 1793 prius
900 1694 1053 1776 diximus,
1068 1703 1100 1769 in

117 1792 190 1890 ipsis
203 1792 339 1866 solstitiis
363 1794 503 1886 utrisque
522 1796 601 1864 inter
619 1796 795 1869 maximum
814 1799 847 1863 &
862 1793 1032 1863 minimum
1047 1818 1100 1864 an·

115 1895 229 1987 gulum
244 1892 365 1984 ubique
381 1890 574 1963 intermediis
593 1892 675 1962 nulla
691 1892 779 1988 plane
796 1890 902 1987 anguli
922 1891 1101 1969 inclinatio·

115 1990 161 2059 nis
174 1990 306 2060 varietas
323 1987 362 2058 lit
383 1987 584 2086 expedanda.
635 1987 736 2061 Unde
757 2011 902 2081 quoque,
924 1983 1016 2080 quod
1028 1989 1101 2090 obi-J

116 2106 165 2154 ter
179 2084 225 2155 est
243 2085 446 2166 Notandum,
463 2086 566 2183 &ipse
582 2084 800 2167 Flamstedius‚
816 2091 851 2156 δε
863 2081 1000 2156 eundem
1011 2081 1102 2158 secui

116 2203 168 2249 tus
182 2183 358 2274 Gregorius
369 2205 469 2255 errant
480 2185 621 2263 omnino,
637 2183 717 2255 dum
730 2185 938 2254 mutationem
954 2180 1030 2263 axis,
1045 2180 1101 2269 eui

118 2278 386 2366 aequinodliorum
399 2278 559 2376 praecessio
572 2279 718 2363 debetur,
744 2282 846 2353 ullum
860 2277 915 2351 hic
926 2277 1036 2353 locum
1044 2279 1101 2378 lra-

118 2371 192 2441 bere
209 2371 391 2468 supponant.
441 2376 653 2470 Respondeo'
1057 2376 1060 2381 ’

171 2473 239 2560 (5.)
269 2472 302 2540 Si
316 2468 454 2564 denique
470 2472 565 2569 ipsam
582 2477 648 2545 axis
663 2476 877 2554 notationem,
904 2483 937 2546 ἂν
957 2471 1100 2575 tempore

118 2589 187 2656 quo
204 2567 274 2637 vult
287 2570 477 2664 Gregorius,
504 2575 537 2638 &
552 2572 583 2640 in
594 2592 694 2666 partes
708 2571 746 2641 ab
758 2596 798 2640 eo
814 2568 971 2668 assignatas
985 2573 1019 2642 su
1034 2574 1104 2669 po'·

117 2686 188 2732 nere
201 2665 348 2759 placeret,
373 2667 587 2736 Inclinationis
601 2669 758 2758 quantitas
770 2667 989 2764 longeminor
1021 2690 1101 2749 orer,

118 2783 215 2848 quam
237 2782 273 2831 ut
295 2763 460 2856 parallaxin
485 2761 745 2833 Flamstedianam·
766 2765 850 2858 potis
866 2761 941 2833 esset
963 2760 1105 2851 efficaci

118 2858 244 2928 Demus
253 2861 530 2956 GregorioAxem
538 2880 628 2930 terrae
636 2863 803 2952 quotannis
814 2858 964 2943 oscillari;
992 2858 1104 2933 demus

118 2978 250 3048 quoque
270 2957 301 3025 in
322 2958 591 3048 aequinodtiorum
613 2959 710 3028 altero
740 2956 965 3029 oscillationem
983 2956 1102 3047 fieriin

117 3046 243 3133 hanc,in
252 3055 349 3123 altero
358 3053 513 3124 verosieri
522 3055 552 3123 in
560 3047 746 3124 contrarianl
755 3048 876 3151 ¹partem
882 3081 894 3137 ς
910 3056 1103 3128 irautmaxi·

119 3172 169 3219 ma
183 3173 256 3241 quae
273 3148 343 3220 fieri
358 3149 460 3245 potest
473 3148 650 3222 differentia
672 3153 803 3222 oriatur.
831 3154 1028 3240 Qirantillula
1041 3156 1102 3224 erit

120 3240 430 3318 haecdifferentiolas
448 3253 573 3341 Nempe
582 3273 622 3318 ex
632 3249 753 3319 calculo
766 3250 844 3319 olim

119 3339 264 3413 adhibito
282 3343 400 3416 constat
416 3345 642 3415 oscillationem
656 3346 741 3416 illam
749 3370 840 3442 gran-
932 3336 953 3384 1>
954 3329 1040 3389 ΓΜ·
1061 3336 1103 3402 Α·

120 3433 294 3510 diusculam
311 3444 542 3538 (comparative
559 3443 691 3536 loquor)
712 3466 752 3512 ex
770 3444 840 3513 alti·
881 3404 1082 3484 stratumne.

121 3531 231 3607 tudine
256 3536 388 3611 sensrbili
413 3541 499 3610 mille
521 3535 665 3636 passuum
683 3537 773 3632 quasi
797 3565 849 3634 17,
873 3563 937 3632 qua
958 3537 1103 3612 semidia-

122 3650 224 3700 meter
237 3639 402 3726 aquatoris
421 3661 513 3708 axem
534 3634 709 3708 dimidium
731 3635 852 3730 superat
866 3658 948 3715 orta,
974 3636 1013 3709 ad
1032 3662 1103 3732 par·.

120 3747 186 3823 tem
203 3748 324 3824 tantum
344 3737 434 3826 unius
455 3734 573 3824 minuti
592 3731 720 3808 secundi
740 3736 877 3831 aliquam
902 3729 1102 3842 assurgebata

944 3857 945 3860 ¹
1048 3855 1103 3900 cur
