2438 4328
122 188 194 271 320
286 122 313 163 ‘³'
383 164 821 250 PML'ECTJONES
932 167 938 179 ‘

112 414 292 499 cometas
308 407 380 524 effe
401 413 521 498 Luni
554 415 784 527 superiores,
813 415 862 510 dr
892 422 939 503 in
967 422 1120 533 regione

394 526 654 610 Planetarurn
680 528 843 637 versrrrr'.

213 705 250 774 T
273 696 421 773 defectus
449 702 641 773 Parallaxeos
662 701 787 775 diuma
808 705 929 777 extulit
955 710 1115 779 comeus

231 799 320 894 supra
342 799 485 897 regiones
504 796 695 880 sublunares,
721 797 766 871 fic
780 803 1006 875 ex'l’arallaxi
1019 826 1114 875 annue

110 897 317 971 convincitur
338 918 454 967 eorum
477 891 640 967 descensus
663 900 695 969 in
721 899 865 995 regiones
895 902 1113 973 Planetarum.

112 1000 204 1069 Nam
227 996 376 1065 Cometa
401 992 463 1085 qui
483 991 734 1090 progrediuntur
757 995 934 1070 secundum
961 996 1110 1070 ordinem

112 1088 278 1190 fignonim
295 1089 366 1161 siunt
380 1112 501 1170 omnes,
526 1090 583 1161 sub
597 1093 689 1163 exitu
701 1092 915 1189 apparitionis,
941 1112 1006 1167 aut
1020 1094 1113 1167 sarlito

112 1187 266 1262 tardiores
285 1208 339 1260 aut
355 1184 547 1284 retrogradi,
573 1184 719 1260 siTerra
729 1186 786 1261 'est
800 1190 880 1262 inter
901 1191 989 1288 ipsos
1005 1197 1041 1263 δι
1054 1196 1110 1263 So·

110 1288 194 1370 lenr3
220 1306 252 1358 at
273 1281 361 1375 justo
381 1286 548 1357 celeriores
567 1282 591 1355 sa
612 1289 716 1358 Terra
740 1288 846 1385 vergit
863 1285 906 1359 ad
924 1286 1110 1387 oppositio·

109 1406 196 1457 nem.
245 1385 291 1455 Et
305 1382 458 1464 econtra,
481 1382 542 1475 qui
560 1404 696 1481 pergunt
707 1383 984 1458 contra'ordinem
1003 1383 1111 1482 signo-

107 1506 183 1561 rum
199 1478 271 1551 sunt
282 1477 371 1571 justo
381 1480 547 1551 celeriores
570 1480 602 1551 in
626 1479 690 1553 fine
714 1502 752 1576 ap
775 1481 928 1562 unionis,
958 1480 1111 1557 fiTtrta

110 1578 251 1650 versatur
265 1579 347 1649 inter
366 1575 447 1676 ipsos
458 1582 492 1647 δι
505 1576 631 1660 Solem3
659 1584 693 1649 δι
707 1503 796 1667 julio
813 1577 973 1653 tardiores
994 1583 1051 1656 vel
1063 1604 1111 1651 re·

110 1672 256 1774 trogradi
282 1672 306 1747 si
329 1678 433 1748 Terra
453 1671 509 1745 sita
526 1669 573 1744 est
597 1671 637 1746 ad
658 1676 827 1747 contrarias
847 1698 965 1772 partes.
1021 1683 1111 1749 Con·

109 1775 208 1873 tingit
224 1769 289 1844 hoc
308 1775 447 1845 maxime
460 1795 501 1842 ex
515 1790 608 1842 motu
628 1774 742 1843 Terrae
762 1775 793 1844 in
811 1775 902 1844 vario
919 1771 1025 1869 ipsius
1038 1773 1113 1873 satu,

109 1868 240 1979 perinde
267 1890 305 1942 ut
328 1869 367 1941 fit
391 1871 423 1941 in
450 1870 595 1948 Planetir,
625 1871 696 1960 qui,
722 1890 783 1965 pro
804 1890 900 1942 motu
919 1875 1044 1965 Terre
1061 1873 1111 1948 vel

110 1965 319 2062 conspirante,
340 1967 394 2037 vel
407 1967 580 2045 contrario,
604 1989 688 2037 nunc
712 1965 891 2063 retrogradi
911 1965 1004 2050 sunt,
1021 1993 1109 2043 nunc

112 2062 233 2136 tardius
245 2064 371 2134 moveri
378 2059 541 2141 videntur,
566 2086 650 2134 nunc
663 2087 744 2133 vero
758 2065 902 2136 celerius.
955 2069 994 2140 Si
1008 2071 1108 2139 Terta

110 2160 219 2257 pergit
237 2156 419 2231 ade-'andem
435 2178 555 2256 partem
574 2184 651 2229 cum
667 2164 817 2255 cometa,
842 2168 878 2233 δι
894 2183 996 2235 motu
1011 2187 1048 2235 an
1091 2200 1106 2217 ·

110 2257 166 2328 lari
189 2257 273 2349 circi
293 2246 400 2327 Solem
422 2256 555 2328 celerius
577 2254 694 2336 fertur,
720 2259 893 2329 Cometae
913 2189 1106 2359 Terraipue·
1150 2282 1153 2295 ·

111 2353 225 2432 uatus,
249 2351 293 2422 ola
310 2374 438 2425 motum
458 2353 551 2425 suum
578 2352 763 2435 tardiorem,
788 2377 912 2451 apparet
926 2355 995 2430 elle
1008 2377 1108 2428 retro-

107 2448 244 2549 gradusr
273 2446 318 2521 san
335 2455 439 2523 Terra
456 2447 574 2522 tardius
585 2448 700 2531 fertur,
713 2472 821 2524 motus
840 2457 1010 2534 Cometa,
1035 2451 1106 2537 (de-

109 2548 216 2619 traelo
230 2567 324 2618 motu
343 2545 539 2638 Terrae)'fit
560 2544 666 2618 saltem
690 2547 820 2620 tardior.
871 2553 927 2622 Ac
953 2549 980 2622 sa
1006 2555 1104 2623 Terra

105 2647 216 2745 pergit
234 2645 449 2717 incontrariaa
462 2665 575 2743 partes,
601 2649 740 2716 Cometa
758 2642 874 2718 exinde
888 2646 1041 2739 velocior
1055 2670 1106 2744 ap

110 2748 211 2840 paretss
268 2745 324 2813 Ex
347 2743 572 2814 acceleratione
604 2762 712 2813 autem
739 2746 791 2815 vel
818 2742 1036 2816 retardatione
1057 2743 1107 2815 vel

107 2860 201 2912 motu
233 2837 423 2939 retrogrado
445 2836 591 2911 distantia
618 2843 768 2910 Cometae
797 2841 830 2911 in
854 2836 941 2912 hunc
968 2839 1107 2914 modum

106 2937 285 3032 colligitur.
335 2940 438 3007 Sunto
462 2952 494 3013 ‘r
506 2939 597 3030 ΩΑ,
633 2954 664 3012 Τ
679 2942 756 3034 ρΒ,
793 2952 825 3013 ‘t‘
837 2941 912 3039 Q)
931 2937 1108 3010 obseruator

110 3052 177 3105 tres
192 3029 409 3129 longitudines
432 3034 601 3111 Cometae,
635 3030 693 3103 sub
717 3034 812 3104 initio
841 3055 969 3115 motus,
1004 3034 1108 3129 sitque

114 3134 152 3207 ’τ
165 3133 239 3226 QF
257 3127 430 3226 longitudo
451 3130 569 3200 ultimo
593 3128 769 3210 observata,
793 3129 859 3201 -ubi
881 3135 1030 3205 Cometa
1055 3135 1106 3204 vi·

108 3221 178 3295 deri
190 3222 327 3296 desinit.
379 3231 509 3321 Agatur
530 3226 617 3297 reda
640 3230 710 3295 AB
718 3233 753 3307 C,
779 3225 871 3315 cujus
895 3249 1002 3324 partes
1026 3234 1106 3308 Alo·

4 3366 7 3371 ·
107 3327 171 3391 BC
191 3323 283 3409 redis
306 3322 446 3426 QA'&
471 3328 550 3417 QB,
576 3327 617 3420 Q
624 3327 650 3391 B
672 3328 708 3392 &
733 3328 810 3423 QG
830 3325 1019 3413 interjedlae,
1044 3322 1106 3396 fint

108 3416 150 3488 ad
166 3418 306 3490 invicem
323 3441 361 3490 ut
370 3436 518 3515 'tempora
538 3421 620 3490 inter
638 3418 871 3507 observationes
891 3442 953 3493 tres
978 3424 1106 3519 primas.

109 3513 312 3588 Producatur
335 3522 414 3587 Ac
434 3514 473 3588 ad
499 3522 540 3596 G,
565 3512 605 3585 ut
630 3511 671 3586 lit
687 3516 767 3587 Ἀθ
790 3514 831 3588 ad
848 3518 928 3587 'Au
950 3538 993 3593 ut
1007 3530 1107 3593 'tem-

108 3632 169 3705 pus
180 3614 262 3703 inter
274 3611 525 3707 observationem
541 3612 676 3706 priniana
688 3620 723 3684 δε
736 3615 896 3695 ultimam,
921 3612 961 3686 ad
977 3616 1106 3715 tempus

108 3709 195 3780 inter·
215 3702 472 3783 observationem
482 3704 618 3807 ‘priimam
633 3714 674 3781 δὲ’
685 3707 855 3784 secundini
865 3714 938 3792 {Bt
948 3709 1105 3811 jungatur

106 3812 218 3934 Q<
235 3810 289 3903 ΙΕῑ
310 3805 336 3882 sa
364 3811 504 3906 Cometa
530 3827 718 3910 moreretur
738 3805 943 3883 uniformiter
968 3811 1005 3884 iu
1026 3811 1121 3885 linea·

161 3908 178 3927 ·“
204 3917 238 3935 ·“
1004 3926 1104 4001 atque
