2408 4304
189 67 576 160 oerczrrsraos
603 74 894 183 Atrrroors.
954 68 1044 186 'ger

10 244 24 255 ·
51 222 160 297 tescat.
209 228 289 313 Qro
304 220 446 319 cognito,
469 216 663 293 translatione
678 218 717 292 ad
730 221 879 316 annulum
897 239 1043 317 quartum

10 337 25 351 “
52 319 147 405 faeta,
170 319 270 419 ipsum
284 321 385 390 Lunae
401 321 508 392 locum
519 318 628 417 quavis
645 317 718 389 anni
732 316 866 412 cujusvis
880 317 968 402 liora,
984 319 1044 392 ho·

10 464 13 480 ·
52 442 162 514 raeque
180 439 261 508 parte
285 415 534 512 consequemur;
580 437 750 512 quemnam
768 414 940 512 respectum
984 442 1045 489 uo·

10 540 12 578 :
53 539 120 610 que
134 515 171 587 ad
185 520 352 613 Apogaeon
367 514 457 597 Solis,
480 510 520 585 ad
534 517 700 612 Apogaeon
712 515 828 594 Lunae,
850 511 887 586 ad
904 442 1043 614 Nobum

10 656 12 678 r
55 617 170 695 Luna,
182 614 249 685 imo
260 608 297 682 ad
310 613 413 681 Solem
424 609 524 708 ipsum
536 609 763 708 syzygiiamuu
786 629 879 706 atque
890 633 1044 709 quantum
1086 649 1093 656 -

53 708 223 782 abhorum
236 731 420 803 unaquaque
427 713 518 782 Luna
531 704 636 789 distet,
657 705 794 781 dilucide
809 706 1046 796 cognoscemus.
1169 746 1172 750 ·

54 807 151 895 Quin
170 813 203 877 &
227 804 426 878 determinare
445 804 560 885 licebit,
596 802 734 892 Quando
752 783 884 902 Eclipsrs
902 806 980 878 Solis
993 807 1045 884 vel

56 909 159 975 Lunae
177 901 216 974 sit
235 899 408 976 celebranda
430 903 479 973 vel
495 900 636 972 celebrata
647 902 760 975 fueritt
791 905 825 971 &
841 925 894 996 per
909 899 1045 994 conjun-

10 1026 12 1032 “
56 1000 173 1072 ilionis
191 1004 239 1072 vel
256 996 462 1095 oppositionis
477 999 515 1066 ab
533 997 598 1094 ipso
619 997 706 1068 nodo
723 996 895 1070 distantiam
915 1003 950 1069 &
964 1001 1044 1069 lime·

56 1118 101 1167 tes
121 1121 202 1190 quos
222 1119 369 1168 vocamus
393 1095 564 1191 eclipticos,
593 1096 691 1189 qualis
710 1100 744 1164 δε
767 1116 880 1191 quanta
902 1119 955 1168 aut
972 1095 1046 1168 s'ue·

56 1194 101 1265 rit
119 1193 224 1264 sutura
243 1191 283 1264 lit
303 1190 434 1290 eclipsis,
468 1188 550 1263 haud
569 1217 595 1262 ae
618 1215 649 1263 re
667 1188 843 1263 definietur.
896 1193 1043 1286 Quin&

40 1290 252 1362 ‘Notabimus
283 1296 362 1385 (7)
387 1289 479 1386 ipsam
498 1217 664 1384 Eclipsean
683 1287 946 1360 constructionem
967 1313 1044 1387 geo·

58 1388 217 1460 metricam
237 1407 341 1458 natura
358 1383 439 1458 duce
460 1383 534 1457 hinc
549 1383 693 1456 facillime
710 1388 876 1479 consequi:
901 1385 926 1457 fi
947 1388 1044 1462 nimi·
1077 1479 1079 1483 Α

58 1508 133 1558 rum
155 1485 302 1555 Globum
323 1479 514 1555 Terrestrem
536 1480 683 1575 majorem
706 1483 783 1554 intra
804 1483 895 1553 hosce
913 1484 1045 1556 circulos
1079 1483 1083 1494 ’

58 1584 261 1660 collocatum,
295 1581 424 1652 alterum
447 1603 578 1744 puoque
602 1579 746 1651 Globum
768 1584 921 1650 Lunarem
940 1579 1045 1653 debita

59 1678 261 1776 proportione
276 1678 431 1750 minorem
463 1697 511 1748 rtu
529 1674 636 1748 debito
654 1673 802 1773 positum,
827 1683 861 1745 δι
874 1697 1046 1772 utrumque

58 1776 200 1848 motibus
218 1774 278 1847 suis
297 1772 442 1850 delatum,
467 1775 516 1845 vel
529 1794 678 1856 rotatum,
701 1770 842 1870 apposito
860 1773 978 1844 lumine
988 1794 1044 1846 aut

62 1872 142 1944 Solis
160 1891 214 1945 aut
232 1876 333 1944 Luna
351 1894 404 1945 aut
421 1869 568 1968 lampadis
584 1871 812 1969 supponamus3
841 1895 913 1966 quae
939 1873 1045 1945 omnia

60 1967 149 2040 sactu
174 1966 256 2040 haud
282 1967 357 2039 adeo
383 1966 521 2044 difficilia
546 1965 629 2040 sunt.
686 1968 777 2039 Hinc
799 1970 883 2040 enim
906 1969 1044 2067 Ectipses
1189 1966 1191 1972 ’

61 2086 206 2137 nontam
224 2066 410 2160 geometrice
423 2064 623 2148 constructas,
646 2065 695 2139 vel
709 2063 867 2137 obscurius
880 2065 1044 2139 adumbra-

65 2183 121 2242 tas,
137 2185 230 2256 quam
244 2161 314 2233 retu
325 2159 411 2256 quasi
426 2160 587 2244 exhibitas,
603 2168 637 2232 δι
651 2186 754 2234 coram
767 2159 917 2259 expositas
926 2164 1044 2257 jucun-

63 2255 191 2333 dissimo
209 2258 378 2348 spectaculo
398 2263 432 2328 δι
452 2256 583 2330 artificio
604 2255 737 2331 maxime
755 2261 883 2332 naturali
902 2281 1045 2334 contern-

63 2356 139 2450 plari
160 2354 275 2425 licebit.
320 2359 415 2450 Spero
438 2377 539 2427 autern
559 2377 610 2426 me
628 2352 696 2426 baec
713 2357 816 2427 omnia
833 2357 919 2452 brevi
938 2379 1045 2451 exper-

62 2471 183 2530 turum,
218 2456 251 2519 δε
269 2450 428 2548 eclipfium
451 2451 489 2523 ad
509 2451 637 2523 calculos
649 2453 898 2533 revocandatum‚
915 2455 995 2548 quin
1008 2459 1045 2524 δε

64 2545 336 2619 construendamm
361 2547 490 2620 taedium
509 2548 691 2623 vitaturum.
736 2546 837 2631 Quod
856 2547 880 2620 sr
896 2548 985 2623 semel
1004 2576 1047 2623 u·

63 2642 153 2715 su&
176 2645 358 2738 experientia
385 2645 619 2742 comprobatum
641 2643 704 2719 hoc
725 2667 864 2743 organon
885 2645 1045 2730 invenero,

61 2738 198 2812 solidum
210 2741 270 2834 ipse
282 2767 354 2813 curn
372 2740 701 2838 reliquisAstronomis
714 2742 864 2840 gaudium
882 2747 1043 2842 gaudeb03

64 2842 99 2906 δι
118 2836 155 2908 ad
174 2838 295 2933 eclipses
318 2837 456 2934 antiquas
478 2837 711 2911 adinveniendas
730 2838 991 2935 &dijudicandas
1014 2864 1046 2913 a·

64 2935 135 3005 lacti
158 2937 261 3006 animo
280 2937 466 3034 progrediar.
513 2935 681 3007 Sciendum
703 2960 805 3008 autem
831 2936 915 3027 (8)
942 2939 1046 3024 meite

63 3031 204 3102 universo
217 3030 279 3104 hoc
298 3033 426 3131 negotio
444 3034 586 3128 ecliptico
604 3034 736 3104 orbitam
756 3040 911 3108 Lunarem
924 3059 997 3106 cum
1012 3061 1047 3108 e·

66 3125 198 3220 clipticae
224 3133 317 3238 plano
339 3128 567 3202 coincidentem
589 3128 798 3226 supposuisse3
832 3130 921 3227 quod
945 3157 1046 3206 rerum

66 3243 181 3292 naturae
200 3223 323 3298 videtur
345 3250 524 3325 repugnare.
588 3232 628 3296 Iu
645 3225 782 3298 confesso
804 3231 886 3299 enirn
903 3227 949 3299 est
964 3225 1046 3327 apud

65 3342 183 3394 omnes,
208 3321 331 3394 eandem
350 3324 481 3396 orbitam
500 3323 549 3393 vel
564 3323 695 3396 eundern
716 3325 821 3396 orbem
838 3328 991 3397 Lunarem
1007 3329 1047 3398 ab

67 3415 167 3485 orbita
178 3418 325 3498 Telluris,
349 3417 412 3492 five
431 3422 505 3492 orbe
525 3444 639 3518 magno
656 3421 775 3517 penitus
796 3421 853 3492 else
872 3422 1044 3507 diversum

63 3510 242 3583 &adeum
259 3514 292 3584 in
306 3519 417 3611 angulo
436 3516 588 3616 graduum
611 3541 642 3608 5,
665 3525 698 3586 δι
713 3515 803 3612 quod
815 3519 958 3596 excurrit,
989 3517 1049 3595 else'

29 3661 31 3664 ψ
65 3609 262 3680 inclinatum.
307 3615 428 3683 Verum
441 3615 645 3709 cunreclipses
656 3619 786 3686 omnino
798 3641 904 3688 omncs
914 3637 977 3688 tam
989 3620 1049 3685 So·
1183 3675 1185 3679 .

69 3706 144 3804 lates
160 3729 253 3802 quam
270 3710 404 3788 Lumtes
420 3731 479 3785 aut
491 3711 524 3783 in
537 3713 604 3810 ipso
621 3711 769 3808 ecliptica
789 3713 893 3812 p'arro,
904 3752 906 3757 ·
917 3731 969 3785 aut
988 3714 1049 3820 cir.

65 3835 68 3841 ·
935 3889 937 3894 p
973 3831 1049 3898 erret
