2438 4328
104 207 117 230 “
235 189 921 299 patarco-MATHiaMATluAE.
1043 246 1083 323 23

99 369 165 442 lum
181 383 363 442 curvatura,
375 360 413 433 ‘in
428 353 564 456 Ellipfin
579 355 671 440 tbit3
696 353 824 454 Ellipsrs
841 356 948 431 autem
965 379 1078 445 centro

96 465 214 557 ejurin
239 460 402 535 infinitum
426 459 572 535 abeunte,
590 459 632 552 Ιδι
660 466 831 527 curvatura
854 481 896 529 eo
918 459 1013 554 patilo
1029 457 1083 555 di-

97 564 222 634 minuta
249 560 387 632 vertitur
420 557 452 628 in
472 553 678 651 Parabola‘m:
719 553 827 644 Cujus
855 554 1027 629 curvatura
1055 554 1081 631 li

94 656 256 733 tantillann
266 660 424 734 mutetur,
438 672 576 750 exurget
587 651 974 751 Hyperbolarumprirna‚
999 652 1081 753 qug.

93 782 170 830 rum
240 754 304 826 cies
321 778 396 827 cum
414 751 475 824 fiat
491 755 661 857 innumera
675 773 732 848 per
746 765 951 824 curvaturam
969 751 1083 851 grada-

93 858 156 928 tim
185 779 376 926 <idamaeam
400 852 562 950 emeigent
588 871 697 920 omnes
704 895 716 930 ‚
745 847 849 923 donec
880 851 1081 939 evanescente

94 946 266 1024 curvatura
285 946 463 1049 hyperbola
483 948 597 1021 ultima
618 949 649 1018 in
667 948 786 1020 reblam
806 949 919 1020 lineam
942 951 995 1022 axi
1007 970 1081 1049 per·

95 1047 329 1148 pendicularem
347 1044 481 1119 desinat·
530 1040 632 1118 Unde
652 1064 739 1141 patet
756 1069 884 1118 omnem
902 1047 1080 1145 regularem

43 1149 48 1157 ’
95 1152 130 1218 &
148 1149 271 1220 circulo
283 1150 490 1244 congenerem
502 1162 705 1215 curvaturam
717 1144 866 1216 acirculo
874 1143 953 1242 ipso,
973 1143 1080 1245 figura

93 1236 558 1336 omnimn'maximeaquabili,
573 1238 672 1335 ulque
684 1239 725 1312 ad
736 1232 849 1313 lineam
862 1243 993 1324 rectam,
1017 1241 1080 1315 elle

98 1361 304 1416 curvaturam
313 1341 468 1420 tonicam,
488 1337 552 1411 srva
566 1340 746 1411 Seclionem
761 1341 930 1421 Conicam,
947 1345 980 1410 &
992 1340 1085 1431 vario

94 1439 221 1509 nomine
237 1460 296 1533 pro
308 1433 439 1507 diversis
460 1457 638 1509 ctuvaturae
655 1435 804 1535 gradibus
822 1434 977 1535 insigniri.
1005 1440 1081 1510 No·

96 1533 229 1605 tandum
256 1539 326 1622 (2.)
360 1537 458 1603 Latus
481 1534 625 1606 Renum
643 1535 770 1606 Circuli
797 1531 858 1605 effe
884 1531 1040 1606 distantia
1062 1559 1081 1605 a

96 1632 219 1703 vertice
242 1628 403 1726 duplum„
418 1635 529 1702 Latera
548 1632 653 1711 Recta
673 1629 845 1727 Ellipfium
867 1655 974 1703 omnes
997 1633 1081 1703 inter

95 1725 225 1825 duplam
237 1731 271 1797 δι
283 1723 495 1822 quadruplam
508 1728 640 1825 rationes
651 1726 807 1808 obtinere,
833 1751 892 1825 pro
915 1729 1009 1800 variis
1027 1753 1080 1800 ea·

94 1823 230 1895 eundem
252 1823 429 1920 speciebus:
462 1828 560 1895 Latus
574 1825 719 1897 Rectum
743 1823 902 1895 Parabolae
924 1823 1079 1918 cujusque

93 1917 154 1992 esse
178 1917 334 1992 distantiae
359 1917 447 1992 istius
471 1921 581 1991 exacte
607 1919 838 2016 quadruplum.
885 1925 998 1993 Latera
1012 1942 1081 1994 tan-

92 2014 168 2089 dem
185 2019 289 2090 Reda
306 2017 568 2116 Hyperbolarum
586 2042 694 2113 omnes
714 2021 797 2107 ultra
818 2017 1022 2117 ,uadruplam
1030 2045 1082 2091 ra·

93 2116 370 2196 'tionesobtinere3
397 2138 458 2210 pro
473 2115 570 2186 variis
585 2112 697 2213 nempe
715 2128 813 2210 earu]
833 2126 886 2188 ern
904 2113 1080 2215 speciebus.

95 2210 286 2283 Notandum
301 2213 371 2308 (ς.)
383 2210 568 2283 Diametroa
586 2235 695 2284 omnes
715 2211 745 2284 se
758 2212 940 2286 intersecare
954 2216 986 2286 in
1000 2216 1080 2309 (Σίτ-Ι

67 2344 69 2348 ⁴
95 2305 357 2404 culb&Ellips1
379 2311 410 2380 in
432 2307 544 2406 figura
563 2312 687 2381 Centro
704 2309 784 2380 intra
807 2311 987 2382 sectionem
999 2337 1011 2393 3
1046 2331 1080 2390 at

57 2436 61 2447 ·
97 2427 137 2473 eo
149 2403 274 2500 longius
293 2429 310 2475 a
326 2407 446 2476 vertice
465 2406 497 2478 in
513 2403 628 2504 Ellipli
641 2431 710 2500 quo
730 2407 782 2478 illa
798 2432 815 2477 a
836 2409 959 2479 circulo
976 2409 1009 2480 in
1025 2405 1100 2490 dl,

32 2507 46 2544 ·’
95 2498 222 2570 versum
241 2502 364 2598 longius
384 2501 466 2584 abit:
493 2500 1080 2578 ln'ParabolaDiametrosomnesesse

96 2598 177 2667 inter
185 2594 214 2668 se
225 2603 258 2668 δι
271 2599 322 2669 axi
330 2598 504 2694 parallelas:
530 2604 569 2671 In
580 2601 885 2697 Hyperbolaautem
894 2604 1079 2683 Diametros'

93 2717 202 2764 omnes
213 2692 241 2765 se
251 2693 430 2766 intersecare
438 2715 528 2766 extra
540 2697 730 2777 Sestionem
756 2699 1078 2781 incommunicentro

96 2791 282 2864 Sestionum
299 2790 529 2887 oppofitartun.
579 2790 771 2866 Notandum
782 2802 852 2890 (4.)
877 2790 1079 2867 Eamess'ein
1207 2788 1210 2793 ’

95 2887 242 2960 omnibus
278 2886 363 2960 hisce
387 2887 500 2987 figuris
530 2912 712 2963 curvatura
736 2890 850 2964 focum
886 2891 1078 2987 respicientis

95 2985 261 3066 rationem,
286 3007 325 3056 ut
344 3009 403 3081 pro
422 2983 568 3058 distantia
588 3008 605 3058 a
625 2986 704 3060 foco
725 2989 814 3060 aucta
833 2988 886 3058 vel
905 2987 1077 3071 diminuta,

95 3103 266 3154 curvatura
289 3082 386 3154 etiam
402 3084 435 3153 in
461 3081 570 3155 eadem
589 3087 710 3156 ratione
735 3106 886 3180 augeatur
905 3090 959 3159 v'el
977 3086 1076 3177 dimi,-

95 3199 223 3250 nuatur.
272 3184 462 3272 Quanquam
486 3183 572 3254 enim
600 3202 730 3279 propter
754 3182 980 3275 obliquitatem
1008 3184 1077 3261 tanss

95 3277 242 3372 gentium
258 3297 430 3349 curvatura
449 3278 637 3374 plerumque
652 3281 684 3350 in
704 3279 823 3351 minori
840 3279 944 3370 afoco
957 3278 1077 3367 distan-

96 3374 140 3444 tia
154 3371 303 3447 videatur
314 3373 427 3465 major,
452 3380 486 3445 &
504 3374 663 3467 inmajore
681 3377 797 3456 minor,
821 3386 923 3449 tamen
934 3382 1077 3463 „Curva-

98 3487 169 3540 tura
186 3493 269 3543 vera,
286 3493 341 3558 per
365 3469 516 3544 subtensae
540 3474 645 3569 anguli
678 3475 840 3561 contaetus
875 3500 892 3546 a
919 3471 1089 3571 distantia·

101 3566 217 3639 ratione
236 3563 450 3640 differentiam
468 3566 658 3648 definienda,
688 3568 735 3642 est
750 3593 768 3641 e
783 3592 892 3643 contra
914 3574 946 3643 in
963 3572 1086 3664 majori*
1185 3650 1190 3659 ,

99 3656 243 3744 distantia
253 3663 367 3754 major,
392 3672 426 3736 δι
438 3667 470 3737 in
480 3668 602 3738 minore
621 3667 738 3748 minor,
763 3670 836 3739 &in
850 3669 910 3766 ipsa
918 3666 1091 3741 distantiat*

99 3756 201 3830 autrae
217 3762 269 3857 vel
281 3759 451 3846 diminuta
467 3765 585 3837 ratione
603 3761 706 3930 major
724 3765 893 3849 minorve3
920 3768 970 3878 uti
985 3763 1074 3862 prius

689 3887 714 3959 4
979 3882 1075 3931 anno·
