2438 4328
167 171 242 273 '380'
441 157 908 240 PMLECTJONES

166 300 319 405 primum,
358 300 409 376 sed
437 301 498 375 Fili
529 299 654 373 versorii
684 296 792 370 eidem
825 325 845 373 e
879 313 1000 373 centro
1024 298 1125 398 applied

166 400 217 476 dt
242 401 478 480 convolutione,
523 401 559 468 δι
585 396 657 470 dein
679 394 745 468 fixo
769 394 832 470 suo
856 400 945 472 loco
973 397 1041 474 filo,
1067 404 1126 476 uu

166 501 365 598 promotione
395 495 460 568 srve
487 495 712 568 convolutione
742 492 848 590 usque
886 493 977 568 dum
1014 494 1051 568 ad
1077 496 1125 572 llr

165 594 270 671 fixum
296 596 398 693 ipsum
425 597 593 690 Apogaeon
619 589 825 664 telmoveatut
859 590 933 666 effe
960 593 1125 669 mereatu

166 696 222 767 Eo
252 698 336 766 enirn
371 694 433 762 loci
459 693 551 763 situm
583 689 671 760 suum
699 686 850 765 debiturn
887 711 970 762 tum
1002 696 1126 790 Apogaa,

165 810 237 864 tum
260 795 377 886 integer
392 785 621 860 Circumsstue
634 782 756 882 Ellipsrs
773 787 1006 860 nanciscetur.
1047 794 1090 880 (5)
1103 791 1126 860 t

164 907 211 961 xo
232 883 290 957 huc
311 882 464 957 methodo
485 886 517 954 in
543 881 599 954 suo
620 885 691 953 loco
715 887 884 983 Apogaem
923 885 1127 958 LunarisOri

163 1002 207 1057 tae
231 981 365 1057 Nodum,
398 979 571 1077 Eclipsrum
600 1001 662 1049 tam
691 984 845 1054 Solarium
875 1007 987 1077 quam
1008 985 1127 1055 Lunna
1160 1021 1166 1027 ¹

164 1077 334 1159 cardinem,
363 1080 449 1150 recto
468 1081 540 1151 loco
562 1073 731 1184 affigantur.
782 1084 905 1171 Quem
929 1080 965 1149 in
985 1077 1130 1178 finempur

164 1194 218 1250 tur
249 1176 390 1258 Quintus
415 1176 572 1254 Annulus,
602 1174 726 1268 ejusque
750 1174 944 1273 superficiei
978 1175 1131 1248 inscrtum

166 1272 219 1346 sex
238 1273 366 1354 circuli3
404 1271 507 1367 eisque
522 1296 588 1343 non
604 1272 674 1340 anni
699 1291 822 1343 tantum
849 1279 894 1342 &
916 1275 1051 1355 menses,
1069 1270 1132 1346 sedi

77 1443 80 1452 ,
170 1368 324 1443 meusium
345 1369 537 1465 quadrantes,
559 1365 583 1439 sr
603 1365 669 1438 fieri
689 1365 793 1462 possit,
819 1391 1044 1466 apponantur.
1083 1375 1134 1442 Cur

166 1469 251 1540 enim
267 1465 384 1540 Nodos
403 1466 533 1539 Lunaris
560 1466 656 1558 spatio
682 1463 767 1558 quafi
795 1491 967 1540 annorum
991 1465 1134 1565 undevigb

167 1565 195 1638 ti
211 1565 362 1661 integram
376 1565 548 1662 eclipticam
562 1583 728 1656 percurrat,
750 1561 801 1634 sex
814 1564 939 1636 circuli
957 1567 1084 1662 integra
1097 1588 1135 1636 tu

163 1662 256 1735 turiae
273 1659 438 1738 sufficient.
491 1663 564 1731 Nec
578 1660 704 1729 monitu
723 1657 775 1730 hic
793 1685 894 1756 opus,
931 1659 1026 1734 hasce
1047 1659 1136 1734 diviso

167 1781 221 1832 nes
239 1755 297 1831 esse
320 1783 339 1832 e
359 1760 459 1832 tabula
479 1778 627 1829 motuum
654 1754 745 1828 Nodi
766 1761 874 1829 Lunae
907 1757 1137 1833 mediorumb

168 1853 338 1939 sumendus,
371 1854 544 1950 eodemque
573 1874 661 1924 more
687 1876 723 1923 ac
743 1854 776 1924 in
805 1855 911 1949 priori
943 1853 1019 1929 casu
1041 1855 1084 1929 fili
1099 1879 1137 1928 tra

167 1953 238 2024 sorii
262 1952 485 2046 ope·Nodttm
510 1948 568 2023 suo
591 1948 709 2046 semper
735 1950 808 2022 loco
835 1949 905 2023 esse
937 1951 1139 2026 collocando.

164 2048 360 2131 ,Notabimus
388 2055 462 2134 (6)
495 2047 595 2143 ipsum
618 2051 719 2118 Lunae
741 2048 848 2120 locum
881 2047 949 2124 esl'e
980 2053 1138 2148 quoqueir

16 2219 23 2235 ,
167 2140 232 2216 hoc
252 2168 369 2241 organo
385 2146 432 2216 vel
446 2145 579 2216 maxime
596 2140 836 2215 ostendendum.
888 2151 1010 2239 Quem
1030 2152 1064 2218 in
1078 2147 1139 2218 lium

64 2864 66 2868 >
168 2848 242 2917 quae
269 2821 397 2918 quidem
428 2822 462 2892 iu

167 2260 288 2341 parettn
304 2243 453 2313 'Annulus
478 2241 590 2319 sextus,
619 2239 764 2311 omnium
785 2240 939 2323 intimus,
976 2247 1102 2342 ejusque
1114 2243 1142 2315 st·

166 2335 304 2506 presciti
321 2339 500 2410 inscribatur
513 2337 645 2410 circulus
659 2338 771 2409 unicus
786 2337 949 2420 exteriore
977 2349 1019 2414 &
1036 2345 1061 2414 is
1075 2341 1144 2414 circu·

179 2459 215 2506 us
231 2432 373 2509 exhibeat
389 2438 496 2508 locum
516 2439 628 2513 Lunae,
658 2432 772 2523 rejeelo
787 2435 909 2528 semper
924 2440 1082 2519 circulo,
1108 2463 1143 2534 pn

166 2532 290 2630 integro
316 2533 444 2605 seculor
481 2532 569 2602 aunis
595 2530 691 2602 velim
716 2530 841 2628 integris
868 2552 1007 2607 tantum
1037 2536 1147 2608 inservit

166 2626 221 2703 bic
238 2630 395 2709 circulus;
428 2633 461 2699 δι
486 2625 597 2723 figurae
622 2628 788 2700 numerales
812 2627 936 2725 semper
959 2657 1086 2706 annum
1105 2657 1148 2704 tau

167 2747 239 2800 tum
272 2726 418 2800 centuriae
443 2726 485 2797 ela
508 2726 575 2797 sum
592 2720 757 2805 denotent,
796 2718 860 2795 fine
887 2729 966 2814 anni
1009 2731 1150 2828 partiliter

487 2749 551 2891 boc
578 2817 648 2893 casu
679 2818 793 2915 absque
819 2821 958 2896 immani
985 2825 1153 2900 confusione

166 2921 281 3016 apponi
308 2939 477 3014 nequeunt.
529 2917 627 3012 [Qu
648 2913 779 3013 quidem
802 2916 945 2993 circulus
978 2923 1019 2994 in
1045 2925 1155 2997 circub

168 3041 238 3088 rum
260 3018 380 3088 extimo
409 3021 443 3085 δι
470 3016 609 3084 maximo
635 3014 804 3087 accuratius
829 3011 978 3090 exhiberi
1014 3017 1153 3117 potest]

168 3119 280 3184 Praeter
297 3111 384 3185 huuc
403 3112 553 3182 circulum
570 3129 673 3183 autem
692 3107 904 3185 describantur
923 3117 1156 3210 quatuordec‘u

171 3209 265 3304 [aut
293 3211 399 3280 saltem
417 3204 561 3300 septem]
595 3207 656 3288 alii,
686 3230 744 3302 pro
763 3204 891 3378 suxulir
916 3212 999 3283 antri
1024 3215 1157 3310 cujusque

167 3305 322 3378 menfibus
343 3302 518 3403 periodicis,
544 3324 639 3399 atque
657 3302 775 3378 diebus,
824 3305 928 3400 'eique
945 3305 1056 3393 horis,
1080 3333 1158 3384 exta

168 3402 240 3474 bula
260 3422 365 3474 motus
381 3408 482 3474 Lunae
496 3398 627 3472 mediist
652 3422 685 3472 ea
700 3422 810 3497 nempe
825 3399 865 3473 de
878 3403 969 3476 causa
992 3429 1036 3479 ut
1057 3409 1159 3505 ubipr

167 3499 324 3569 circulum
350 3501 483 3594 priorem
506 3497 678 3569 innotuerit
697 3499 785 3570 locus
799 3496 893 3594 ipsius
911 3504 1028 3575 Lunae
1055 3505 1091 3576 in
1105 3499 1160 3576 rud

166 3594 319 3687 cujusque
344 3595 512 3688 principio,
551 3590 616 3665 five
644 3593 751 3689 potius
777 3593 979 3689 precedentis
1007 3602 1090 3674 anni
1112 3600 1161 3674 ὅτι

166 3715 219 3786 per
248 3688 341 3760 hosce
369 3693 510 3769 circulos,
541 3688 684 3761 adhibito
704 3689 822 3787 ubique
845 3689 903 3762 filo
924 3694 1090 3783 nesorio,
1125 3699 1161 3771 lo·

28 3826 31 3838 ·
164 3812 219 3873 cus
244 3787 327 3875 lupa
346 3790 454 3883 quavis
472 3788 544 3862 anni
557 3785 706 3885 cujusque
719 3784 940 3885 partemediur
958 3788 1065 3872 fimul
1083 3797 1169 3869 irno-⁴
