2438 4328
119 190 163 254 16
299 180 324 223 ..·
372 176 820 249 PML-ECTIONES

101 309 229 401 “juncta
243 307 312 379 sunt
323 309 430 406 reg'ula
448 314 481 377 &
492 307 591 387 restis,
615 305 782 380 descendat
792 304 916 403 digitus
934 309 986 380 vel
999 305 1100 402 stylus

112 407 193 479 dum
222 405 308 481 restis
329 406 447 501 regule
469 407 550 475 arde
576 405 694 495 junda,
720 414 754 476 &
787 407 877 477 velut
905 434 921 477 a
944 409 1099 504 glutinata

112 525 274 584 teneatur3
301 528 366 596 qua
377 525 474 613 'opera
487 524 582 598 prout
593 504 715 601 digitus
733 504 784 572 vel
797 500 899 599 stylus
911 432 1098 582 deducitur,

111 605 219 701 regula
239 603 335 672 etiam
355 606 436 671 cinca¹
462 603 593 672 clavum
613 610 636 671 I
652 603 805 672 continuo
823 622 956 681 rotante,
982 598 1098 672 descri-

111 700 205 772 betur
224 698 371 794 apunelo
392 693 498 767 Bsrve
518 697 623 793 anguli
640 704 734 766 HBI
749 701 868 770 vertice
884 701 972 771 lincae
990 722 1099 769 curvae

110 793 274 902 Hyperbolae
284 793 379 865 dieta
395 816 461 891 pam
477 801 513 861 X
513 802 537 863 B
547 802 588 869 D.
605 800 650 865 Et
659 794 776 891 postca,
783 796 1098 867 conversainalteram

110 915 231 991 partem
249 895 368 988 regula,
391 916 490 985 eaque
508 889 721 989 aderolata,
745 892 859 964 eodem
866 894 987 992 prorsus
998 890 1099 963 modo

110 991 204 1060 altera
214 1013 281 1086 pars
294 990 492 1087 Hyperbolae
501 995 559 1063 YD
571 987 772 1061 describetur.
821 998 981 1071 Praeterea,
996 992 1027 1060 Si
1041 987 1099 1060 de·

111 1088 242 1182 scriptor
257 1084 379 1158 nodum
397 1086 450 1157 vel
467 1084 609 1157 foramen
628 1088 689 1159 suae
710 1086 797 1163 restis
812 1089 973 1160 transferat
985 1087 1017 1158 in
1034 1089 1097 1159 cla·

111 1189 234 1262 vuml,
259 1178 896 1281 &regulaee'x'tremitateminclavumffi
921 1172 1099 1279 aliamHy'u

111 1279 817 1474 ffispzpfflefssrorppgfflffimngffi
830 1284 1098 1478 ἷῑεξῖῗῗὲἔῖιῗῖ

111 1477 161 1545 vis
179 1499 242 1545 non
265 1477 406 1552 mutatis,
437 1476 612 1574 longiorem
636 1496 760 1559 tantum
783 1476 891 1548 restim
914 1475 1096 1555 admoveat,

112 1573 335 1668 Hyperbnlam
362 1571 487 1644 alterius
517 1571 628 1669 speciei
647 1571 850 1671 designabit:
883 1579 917 1643 δε
941 1571 964 1643 s1
988 1570 1096 1643 adhuc

110 1671 206 1765 paulo
217 1671 404 1767 longiorem,
430 1667 534 1741 adhuc
561 1670 697 1751 alterius,
728 1668 829 1741 donec
858 1668 952 1765 ipsam
977 1693 1009 1739 re
1034 1671 1097 1740 ulae

109 1762 215 1862 duplae
229 1767 382 1860 aequalem
397 1764 540 1846 rcddebs,
563 1768 682 1840 rectam
688 1769 800 1838 lineam
808 1770 882 1838 loco
895 1770 931 1837 H
958 1695 1096 1860 perbolae

109 1860 274 1934 describat.
322 1861 451 1935 Deinde
476 1861 702 1962 erescriptor
729 1865 891 1935 clavorum
939 1861 1094 1935 istantiam

110 1981 215 2030 mutet
228 1957 338 2029 eadem
350 1958 470 2055 prorsus
482 1961 600 2031 ratione
611 1985 675 2054 qua
688 1982 792 2032 mutat
801 1957 1011 2033 differentiam
1019 1985 1095 2053 quae

63 2108 73 2125 t
110 2052 157 2125 est
166 2058 245 2126 inter
253 2055 337 2126 funis
353 2057 508 2153 &regule
516 2054 623 2153 duplae
634 2057 879 2156 longitudinem,
889 2057 1094 2156 Hyperbolas

110 2151 250 2241 ejusdem
262 2149 395 2244 quidem
410 2151 521 2251 speciei
534 2151 700 2235 describet,
724 2152 778 2226 sed
790 2179 924 2248 quarum
939 2175 1038 2251 partes
1053 2150 1095 2223 fi-

33 2304 36 2309 .
110 2251 201 2320 miles
220 2247 436 2346 magnitudine
457 2247 629 2322 different:
664 2256 711 2322 Et
732 2251 859 2324 tandem
883 2249 907 2321 sr
933 2254 1095 2344 aqualiter

109 2367 223 2441 augeat
242 2344 473 2443 longitudinem
497 2344 584 2418 restis
609 2354 642 2418 &
667 2349 797 2446 regule,
820 2371 960 2420 manente
986 2374 1094 2420 earum

109 2440 299 2520 differentia,
324 2449 358 2513 δε
371 2444 532 2515 clavorum
544 2446 719 2526 intervallo
744 2471 806 2517 non
818 2448 908 2518 aliam
920 2467 974 2517 aut
992 2442 1094 2539 specie

110 2559 166 2610 aut
187 2538 404 2636 magnitudine
431 2540 654 2638 Hyperbolam
676 2540 841 2622 describet,
867 2541 919 2613 sed
940 2539 1094 2628 majorem

110 2634 313 2707 solummodo
328 2638 555 2732 illiuspartem.
821 2664 824 2669 ·

159 2737 311 2805 Attamen
323 2731 487 2805 fatendum
499 2732 615 2805 estnon
629 2756 738 2829 paucas
745 2732 942 2831 Hyperbolae
954 2733 1099 2828 proprie«.

110 2851 187 2901 tates
198 2856 239 2901 ex
252 2833 314 2902 alio
325 2828 466 2924 quodam
478 2829 644 2929 generandi
656 2830 756 2902 modo
764 2832 875 2917 melius
886 2827 1094 2900 innotesceret

112 2929 200 2996 Eum
213 2929 332 3019 itaque,
349 2948 515 3020 antequam
530 2925 569 2998 ad
587 2923 683 3018 hujus
698 2926 810 3025 figurae
827 2927 953 2998 nomina
972 2933 1006 2998 &
1020 2951 1096 3026 pro-

108 3024 252 3120 prietates
260 3021 436 3098 deveniam,
459 3021 612 3095 declarare
621 3050 683 3096 non
695 3024 830 3122 pigebit.

159 3121 228 3190 Sint
243 3124 307 3187 LL
327 3127 360 3190 &
375 3128 486 3192 MM.
520 3123 627 3192 Lineae
646 3123 742 3199 restat
761 3119 905 3202 infinitae,
930 3122 962 3192 in
978 3122 1098 3219 angulo

109 3217 227 3310 quovis
244 3213 481 3289 seinterscantes
492 3215 532 3288 ad
544 3219 700 3314 punctum
721 3226 762 3288 C.-
789 3219 950 3316 Apunslo
962 3220 1094 3309 quovis,

110 3336 148 3384 ut
163 3320 209 3392 D,
235 3313 333 3392 vele,
358 3311 516 3386 ducantur
540 3317 752 3410 primielinei's
772 3317 921 3412 parallelae
942 3319 1009 3392 Dc,
1033 3311 1098 3383 Dd

110 3411 162 3481 vel
180 3437 225 3488 ec,
250 3410 312 3491 ed3
336 3408 413 3502 'quae
440 3436 515 3483 cum
539 3413 626 3483 lineis
648 3415 752 3508 primo
773 3410 881 3483 duciis
900 3406 1095 3482 constituant

110 3507 443 3604 parallelogrammum,
475 3530 512 3580 ut
535 3514 591 3579 Dc
619 3509 686 3590 Cd3
722 3509 775 3578 vel
794 3533 829 3578 ec
847 3500 915 3575 cd:
948 3507 1094 3601 Concipe

109 3603 181 3675 bina
202 3605 479 3702 parallelogrammi
501 3607 594 3675 latera
614 3625 651 3674 ut
675 3611 743 3683 Dc,
769 3603 833 3673 Dd
846 3603 898 3672 vel
916 3627 963 3680 ec,
989 3601 1095 3675 edita

58 3772 63 3781 ,
109 3697 168 3771 hac
191 3703 260 3772 illac
274 3703 397 3775 moveri
423 3722 460 3772 ut
483 3700 721 3799 parallelismum
741 3697 878 3770 eundem
901 3694 1019 3797 semper
1035 3697 1097 3771 ser·

979 3865 981 3869 ,
1020 3800 1100 3925 perpe
