2438 4328
144 145 217 250 18⁸6
308 171 312 177 '
397 148 879 223 'PMLECTIONES

144 278 182 352 in
193 269 431 367 consequentia:
483 278 521 344 In
537 273 680 370 syzygiis
701 296 812 371 nempe
828 298 905 347 cum
919 271 992 344 Sole
1007 285 1148 368 progre-

148 370 276 454 dietum
304 378 338 441 &
353 373 385 442 in
401 368 601 464 quadraturis
618 371 828 469 regredietur.
1143 392 1146 397 ’

197 475 286 542 Nam
303 470 434 562 visque
455 467 653 540 secundarius
673 471 795 540 Planeta
811 476 856 550 P,
882 469 935 541 vel
953 488 975 563 p
1000 479 1143 560 urgetur

150 568 185 640 in
208 567 393 664 primarium
418 566 508 637 suum
530 568 613 637 circa
637 565 868 658 quadraturas3
900 566 957 636 ubi
978 565 1029 633 vis
1043 560 1142 630 altera

149 669 245 743 MS,‘
264 664 318 735 vel
342 668 409 731 mS
429 666 571 744 evanuit,
597 667 802 760 componitur
827 689 868 734 ex
894 665 929 733 vi
955 665 1060 738 LM,
1085 655 1142 727 vel

150 764 201 831 lm
225 765 259 830 δι
277 763 315 831 vi·
327 762 499 856 centripeta
511 763 652 857 corporis
666 763 808 832 centralis
833 767 868 830 S.
919 760 980 832 Vis
991 758 1097 853 prior,
1114 752 1141 824 st

149 867 301 952 dugeatur
323 852 468 928 distantia
489 880 543 929 aut
568 856 776 937 diminuatur,
808 872 943 954 augetur
965 875 1022 925 aut
1040 851 1143 927 dimi·

151 955 262 1024 nuitur
275 955 306 1023 in
317 951 427 1025 eadem
445 953 510 1026 sere
530 958 648 1026 ratione
659 953 800 1026 diresle:
828 957 870 1025 ita
887 954 970 1025 utin
988 950 1142 1042 majoris

148 1052 299 1149 primario
309 1048 454 1122 distantia
466 1053 578 1125 evadat
595 1052 696 1142 major
704 1053 850 1124 attradlio
856 1050 961 1121 versus
969 1069 1137 1130 centrum

151 1150 187 1218 δι
200 1148 232 1218 in
248 1149 369 1220 minore
382 1150 498 1221 minor.
525 1153 584 1223 Vis
596 1171 702 1221 autem
714 1148 868 1247 posterior
881 1149 899 1216 ὲ
910 1149 1063 1219 Primario
1073 1149 1139 1217 im·

149 1242 906 1337 mediateortainmajoridistantiaevaditminor‚
931 1245 1138 1316 &inminore'

148 1340 273 1433 major;
298 1340 409 1441 estque
424 1344 543 1441 semper
565 1348 596 1415 in
619 1343 779 1441 duplicata
789 1341 944 1414 distantiae
958 1344 1081 1413 ratione
1089 1365 1139 1411 te·

95 1453 100 1460 ’
150 1441 291 1537 ciproce.
343 1440 610 1534 Adeoquevisint
652 1467 696 1523 ra,
722 1439 921 1534 svesamma
934 1439 1140 1510 vitiumvet·

62 1578 64 1582 v
148 1533 200 1609 sus
213 1538 356 1635 primarii
369 1560 513 1610 centrum
526 1563 567 1609 ex
582 1467 725 1611 dedititia
739 1538 829 1609 ausla
840 1535 993 1608 decrescit
1014 1538 1047 1606 in
1073 1537 1138 1607 mi·

88 1654 90 1659 ·
148 1656 226 1706 nore
246 1639 367 1708 ratione
387 1661 484 1730 quam
504 1633 551 1708 est
571 1634 731 1731 duplicata
750 1636 832 1706 ratio
858 1630 1045 1704 distantiae:
1072 1630 1139 1704 hoc

149 1729 208 1813 est,
232 1759 294 1806 non
307 1756 431 1807 tantum
444 1733 638 1806 diminuitur
646 1731 968 1820 indistantiamajore‚
991 1754 1050 1801 nec
1067 1753 1139 1802 tan·

131 1823 222 1902 'tum
233 1853 369 1929 augetur
382 1835 414 1903 in
430 1829 574 1904 distantia
589 1832 728 1909 minore,
754 1849 910 1920 quantum
926 1847 1034 1898 motus
1051 1830 1138 1898 circa

149 1925 263 1999 focum
278 1931 433 2026 Ellipseoes
456 1928 628 2000 immobilis
650 1929 796 2021 requirit.
846 1931 885 1996 In
908 1924 1136 2015 conjuretione

148 2045 227 2094 vero
250 2031 284 2094 &
300 2024 511 2122 oppositione,
536 2027 584 2095 vis
602 2049 667 2117 qua
687 2026 803 2096 satelles
823 2025 866 2132 in·
873 2024 1061 2119 primarium
1078 2047 1134 2091 ur·-

190 2139 244 2190 tur
258 2119 304 2192 est
317 2122 482 2215 afferentia
498 2123 579 2192 inter
587 2125 726 2214 vimqua
739 2123 905 2216 primarius
918 2117 1132 2191 trahitsecun·

185 2218 285 2296 ium,
311 2223 345 2288 ἃ
369 2221 436 2290 vim
461 2223 497 2285 Κ
502 2223 544 2297 L,
570 2221 622 2288 vel
647 2217 711 2305 kl:
740 2218 804 2289 five
824 2219 856 2288 in
868 2215 932 2287 hoc
949 2217 1020 2288 casu
1041 2219 1134 2296 SM,

147 2313 201 2382 vel
223 2319 303 2385 Sm.
353 2316 399 2387 Et
411 2311 592 2388 differentia
606 2315 669 2394 illa,
693 2336 857 2413 propterea
869 2314 961 2405 quod
976 2314 1024 2386 vis
1042 2317 1139 2393 SM,

146 2409 201 2479 vel
221 2413 286 2478 Sm
309 2432 445 2508 augetur
467 2436 564 2504 quam
588 2415 734 2507 proxime
751 2414 782 2484 in
799 2411 861 2507 ipsa
879 2411 1035 2484 distantis
1056 2412 1138 2480 rati-

144 2527 206 2578 one
221 2504 354 2589 directe,
379 2505 576 2581 decrescitin
592 2509 711 2599 majore
725 2535 822 2601 quam
834 2507 994 2604 duplicata
1011 2511 1137 2579 ratione

145 2600 324 2688 distantiae3
351 2626 447 2699 atque
461 2602 540 2677 adeo
554 2605 657 2697 major
670 2606 717 2678 est
729 2610 760 2676 in
773 2609 895 2677 minore
906 2604 1071 2684 distantia,
1097 2611 1134 2675 &

147 2703 253 2774 minor
268 2705 300 2775 in
317 2703 449 2795 majore,
469 2728 566 2795 quam
587 2725 661 2795 quae
690 2700 803 2800 Ellipsr
826 2704 986 2775 immobili
1011 2700 1135 2774 descri-

146 2797 258 2896 bendae
277 2796 424 2874 sufficiat.
476 2804 508 2871 Si
528 2821 633 2871 autem
658 2803 704 2872 vis
728 2803 905 2896 centripeta.
920 2798 1080 2873 decrescat
1099 2802 1134 2870 in

144 2898 264 2968 ratione
277 2895 442 2995 plusquam
450 2895 610 2993 duplicata
625 2896 796 2976 distantiae‚'
819 2918 856 2968 ut
869 2897 1014 2994 *fineis-ca
1031 2896 1134 2994 syzy-

143 2994 222 3161 gias,
247 2991 418 3067 accedetur
435 2996 666 3087 aliquantulum
692 2995 730 3066 ad
751 2995 858 3066 casum
878 2995 926 3064 vis
946 2997 1132 3109 centripetae

168 3090 351 3162 ecrescentis
369 3094 401 3162 in
420 3092 578 3188 triplicata
591 3094 710 3163 ratione
725 3090 893 3172 distantiae,
920 3092 1005 3163 unde
1020 3114 1131 3166 motus

142 3185 303 3284 inspiras,
329 3185 392 3259 fine
406 3190 468 3260 ulla
478 3191 631 3286 tangentis
638 3188 678 3261 ad
688 3188 812 3260 radium
826 3193 1002 3261 mutatione
1016 3189 1132 3282 seque·

140 3300 242 3355 retur.
293 3285 458 3358 Revolvet
471 3288 579 3379 itaque
591 3285 705 3357 satelles
721 3290 753 3357 in
774 3284 887 3383 Ellipsa
905 3286 1044 3379 quadam
1056 3311 1130 3358 mo·

140 3379 213 3462 bili,
239 3373 305 3452 five
323 3402 431 3458 motus
452 3384 607 3479 angularis
629 3383 730 3474 major
750 3386 931 3477 requiretur
945 3405 983 3454 ut
997 3405 1130 3482 tangen-

138 3496 187 3550 tes
200 3478 342 3571 obliquae
360 3477 399 3548 ad
417 3476 543 3551 radium
563 3477 696 3552 evadant
708 3479 813 3552 eidem
830 3479 1127 3577 perpendiculares3

139 3570 205 3648 hoc
229 3572 288 3654 est,
321 3594 360 3646 ut
378 3575 494 3648 satelles
520 3573 560 3649 ad
580 3573 700 3673 apsides
724 3577 790 3649 suas
819 3580 1001 3673 perveniat,
1027 3603 1131 3672 quam

135 3669 386 3769 requirereturst
403 3675 485 3745 vires
503 3671 602 3745 essent
621 3674 653 3743 in
672 3674 735 3770 ipsa
755 3677 875 3745 ratione
890 3673 1048 3747 distantiae
1062 3676 1131 3748 du·

131 3771 440 3870 plicam-reciproce.
488 3773 565 3842 Hoc
588 3767 647 3852 est,
666 3766 818 3871 apsidum
837 3772 916 3845 linea
940 3771 1131 3874 progredie-

130 3929 136 3950 ·
1061 3889 1128 3945 tffl'·
