<?xml version="1.0" encoding="UTF-8"?>
<!DOCTYPE html PUBLIC "-//W3C//DTD XHTML 1.0 Transitional//EN"
    "http://www.w3.org/TR/xhtml1/DTD/xhtml1-transitional.dtd">
<html xmlns="http://www.w3.org/1999/xhtml" xml:lang="en" lang="en">
 <head>
  <title>
</title>
<meta http-equiv="Content-Type" content="text/html;charset=utf-8" />
  <meta name='ocr-system' content='tesseract 3.04.00' />
  <meta name='ocr-capabilities' content='ocr_page ocr_carea ocr_par ocr_line ocrx_word'/>
</head>
<body>
  <div class='ocr_page' id='page_1' title='image "./praelectionesph00whisgoog/praelectionesph00whisgoog_0093.png"; bbox 0 0 2438 4328; ppageno 0'>
   <div class='ocr_carea' id='block_1_1' title="bbox 166 39 1215 2172">
    <p class='ocr_par' dir='ltr' id='par_1_1' title="bbox 166 39 1215 196">
     <span class='ocr_line' id='line_1_1' title="bbox 166 39 1215 196; baseline -0.024 -5"><span class='ocrx_word' id='word_1_1' title='bbox 166 118 214 193; x_wconf 75' lang='lat'>86</span> <span class='ocrx_word' id='word_1_2' title='bbox 339 176 346 187; x_wconf 90' lang='lat'><em>.</em></span> <span class='ocrx_word' id='word_1_3' title='bbox 426 102 891 183; x_wconf 78' lang='lat' dir='ltr'><em>PRtAELECTIONES</em></span> <span class='ocrx_word' id='word_1_4' title='bbox 1022 188 1028 196; x_wconf 35' lang='grc' dir='ltr'>Ι</span> <span class='ocrx_word' id='word_1_5' title='bbox 1197 39 1215 155; x_wconf 62' lang='lat' dir='ltr'>i</span> 
     </span>
    </p>

    <p class='ocr_par' dir='ltr' id='par_1_2' title="bbox 216 216 1168 324">
     <span class='ocr_line' id='line_1_2' title="bbox 216 216 1168 324; baseline -0.019 -14"><span class='ocrx_word' id='word_1_6' title='bbox 216 238 318 313; x_wconf 62' lang='lat' dir='ltr'>carot</span> <span class='ocrx_word' id='word_1_7' title='bbox 333 241 403 324; x_wconf 72' lang='grc' dir='ltr'><strong>(ι.)</strong></span> <span class='ocrx_word' id='word_1_8' title='bbox 430 240 472 309; x_wconf 93' lang='lat' dir='ltr'>In</span> <span class='ocrx_word' id='word_1_9' title='bbox 488 230 627 303; x_wconf 86' lang='lat' dir='ltr'>minimis</span> <span class='ocrx_word' id='word_1_10' title='bbox 639 227 775 301; x_wconf 83' lang='lat' dir='ltr'>lentium</span> <span class='ocrx_word' id='word_1_11' title='bbox 790 222 957 324; x_wconf 85' lang='lat' dir='ltr'>segmentis</span> <span class='ocrx_word' id='word_1_12' title='bbox 969 216 1168 298; x_wconf 65' lang='lat' dir='ltr'>altitudines</span> 
     </span>
    </p>

    <p class='ocr_par' dir='ltr' id='par_1_3' title="bbox 171 314 1171 437">
     <span class='ocr_line' id='line_1_3' title="bbox 171 314 1171 437; baseline -0.026 -24"><span class='ocrx_word' id='word_1_13' title='bbox 171 336 226 413; x_wconf 75' lang='lat' dir='ltr'>itu</span> <span class='ocrx_word' id='word_1_14' title='bbox 243 360 315 413; x_wconf 73' lang='lat' dir='ltr'>axes</span> <span class='ocrx_word' id='word_1_15' title='bbox 335 336 570 437; x_wconf 81' lang='lat' dir='ltr'>segmentotum</span> <span class='ocrx_word' id='word_1_16' title='bbox 593 334 661 397; x_wconf 77' lang='lat' dir='ltr'>Ac</span> <span class='ocrx_word' id='word_1_17' title='bbox 679 333 711 393; x_wconf 74' lang='grc' dir='ltr'>δε</span> <span class='ocrx_word' id='word_1_18' title='bbox 734 327 793 395; x_wconf 86' lang='lat' dir='ltr'>Ac</span> <span class='ocrx_word' id='word_1_19' title='bbox 812 320 944 395; x_wconf 83' lang='lat' dir='ltr'>eandem</span> <span class='ocrx_word' id='word_1_20' title='bbox 963 324 1051 397; x_wconf 87' lang='lat' dir='ltr'>inter</span> <span class='ocrx_word' id='word_1_21' title='bbox 1073 314 1171 389; x_wconf 82' lang='lat' dir='ltr'>sert·</span> 
     </span>
    </p>

    <p class='ocr_par' dir='ltr' id='par_1_4' title="bbox 498 416 1212 509">
     <span class='ocr_line' id='line_1_4' title="bbox 498 416 1212 509; baseline -0.014 -13"><span class='ocrx_word' id='word_1_22' title='bbox 498 427 620 503; x_wconf 87' lang='lat' dir='ltr'>tionem</span> <span class='ocrx_word' id='word_1_23' title='bbox 645 420 759 493; x_wconf 75' lang='lat' dir='ltr'>habere</span> <span class='ocrx_word' id='word_1_24' title='bbox 779 416 937 492; x_wconf 70' lang='lat' dir='ltr'>censendae</span> <span class='ocrx_word' id='word_1_25' title='bbox 963 420 1039 493; x_wconf 87' lang='lat' dir='ltr'>sunt</span> <span class='ocrx_word' id='word_1_26' title='bbox 1067 439 1172 509; x_wconf 80' lang='lat' dir='ltr'>quant</span> <span class='ocrx_word' id='word_1_27' title='bbox 1206 464 1212 481; x_wconf 83' lang='lat'>.</span> 
     </span>
    </p>

    <p class='ocr_par' dir='ltr' id='par_1_5' title="bbox 174 486 1215 2172">
     <span class='ocr_line' id='line_1_5' title="bbox 210 486 1215 622; baseline -0.012 -26"><span class='ocrx_word' id='word_1_28' title='bbox 210 549 270 607; x_wconf 72' lang='lat' dir='ltr'>m,</span> <span class='ocrx_word' id='word_1_29' title='bbox 285 547 341 621; x_wconf 56' lang='grc' dir='ltr'>εις,</span> <span class='ocrx_word' id='word_1_30' title='bbox 361 558 390 622; x_wconf 68' lang='lat' dir='ltr'>p.</span> <span class='ocrx_word' id='word_1_31' title='bbox 407 546 455 616; x_wconf 78' lang='lat'>84,</span> <span class='ocrx_word' id='word_1_32' title='bbox 500 519 624 593; x_wconf 77' lang='lat' dir='ltr'>bassum</span> <span class='ocrx_word' id='word_1_33' title='bbox 640 517 705 590; x_wconf 88' lang='lat' dir='ltr'>five</span> <span class='ocrx_word' id='word_1_34' title='bbox 723 540 937 614; x_wconf 82' lang='lat' dir='ltr'>apertutarum</span> <span class='ocrx_word' id='word_1_35' title='bbox 959 516 1020 589; x_wconf 71' lang='lat' dir='ltr'>lib</span> <span class='ocrx_word' id='word_1_36' title='bbox 1042 521 1077 587; x_wconf 82' lang='lat' dir='ltr'>dc</span> <span class='ocrx_word' id='word_1_37' title='bbox 1092 518 1172 593; x_wconf 74' lang='lat' dir='ltr'>RB,</span> <span class='ocrx_word' id='word_1_38' title='bbox 1207 486 1215 569; x_wconf 74' lang='lat' dir='ltr'>i</span> 
     </span>
     <span class='ocr_line' id='line_1_6' title="bbox 506 610 1171 711; baseline -0.012 -21"><span class='ocrx_word' id='word_1_39' title='bbox 506 624 571 690; x_wconf 81' lang='lat' dir='ltr'>dcc.</span> <span class='ocrx_word' id='word_1_40' title='bbox 591 615 753 711; x_wconf 79' lang='lat' dir='ltr'>quadrata.</span> <span class='ocrx_word' id='word_1_41' title='bbox 804 612 948 687; x_wconf 83' lang='lat' dir='ltr'><strong>Eandem</strong></span> <span class='ocrx_word' id='word_1_42' title='bbox 959 614 1053 687; x_wconf 87' lang='lat' dir='ltr'>enim</span> <span class='ocrx_word' id='word_1_43' title='bbox 1069 610 1171 683; x_wconf 75' lang='lat' dir='ltr'>ratio·</span> 
     </span>
     <span class='ocr_line' id='line_1_7' title="bbox 175 708 1171 809; baseline -0.013 -17"><span class='ocrx_word' id='word_1_44' title='bbox 175 747 248 801; x_wconf 81' lang='lat' dir='ltr'>nem</span> <span class='ocrx_word' id='word_1_45' title='bbox 270 716 385 791; x_wconf 74' lang='lat' dir='ltr'>habere</span> <span class='ocrx_word' id='word_1_46' title='bbox 407 720 479 788; x_wconf 80' lang='lat' dir='ltr'>Ac</span> <span class='ocrx_word' id='word_1_47' title='bbox 500 723 533 787; x_wconf 81' lang='grc' dir='ltr'>δι</span> <span class='ocrx_word' id='word_1_48' title='bbox 557 722 614 784; x_wconf 90' lang='lat' dir='ltr'>Ac</span> <span class='ocrx_word' id='word_1_49' title='bbox 638 711 832 786; x_wconf 87' lang='lat' dir='ltr'>ostendimus</span> <span class='ocrx_word' id='word_1_50' title='bbox 849 738 945 809; x_wconf 84' lang='lat' dir='ltr'>quam</span> <span class='ocrx_word' id='word_1_51' title='bbox 961 708 1171 783; x_wconf 78' lang='lat' dir='ltr'>habentsub-</span> 
     </span>
     <span class='ocr_line' id='line_1_8' title="bbox 174 804 1171 911; baseline -0.017 -17"><span class='ocrx_word' id='word_1_52' title='bbox 174 814 327 894; x_wconf 79' lang='lat' dir='ltr'>tenstnun</span> <span class='ocrx_word' id='word_1_53' title='bbox 342 810 518 911; x_wconf 60' lang='lat' dir='ltr'>quadratu</span> <span class='ocrx_word' id='word_1_54' title='bbox 548 819 581 883; x_wconf 81' lang='grc' dir='ltr'>δι</span> <span class='ocrx_word' id='word_1_55' title='bbox 604 837 681 884; x_wconf 86' lang='lat' dir='ltr'>cum</span> <span class='ocrx_word' id='word_1_56' title='bbox 699 810 879 883; x_wconf 85' lang='lat' dir='ltr'>inarcubus</span> <span class='ocrx_word' id='word_1_57' title='bbox 896 810 1083 908; x_wconf 83' lang='lat' dir='ltr'>perexiguis</span> <span class='ocrx_word' id='word_1_58' title='bbox 1095 804 1171 878; x_wconf 87' lang='lat' dir='ltr'>sub-</span> 
     </span>
     <span class='ocr_line' id='line_1_9' title="bbox 175 903 1170 1006; baseline -0.013 -18"><span class='ocrx_word' id='word_1_59' title='bbox 175 911 270 988; x_wconf 79' lang='lat' dir='ltr'>ttnsae</span> <span class='ocrx_word' id='word_1_60' title='bbox 291 916 344 985; x_wconf 87' lang='lat' dir='ltr'>vel</span> <span class='ocrx_word' id='word_1_61' title='bbox 361 910 444 984; x_wconf 83' lang='lat' dir='ltr'>finus</span> <span class='ocrx_word' id='word_1_62' title='bbox 467 933 621 984; x_wconf 86' lang='lat' dir='ltr'>eorumve</span> <span class='ocrx_word' id='word_1_63' title='bbox 640 907 736 1006; x_wconf 85' lang='lat' dir='ltr'>dupla</span> <span class='ocrx_word' id='word_1_64' title='bbox 752 914 813 979; x_wconf 82' lang='lat' dir='ltr'>RB</span> <span class='ocrx_word' id='word_1_65' title='bbox 832 914 865 978; x_wconf 77' lang='grc' dir='ltr'>δι</span> <span class='ocrx_word' id='word_1_66' title='bbox 879 913 908 976; x_wconf 85' lang='lat' dir='ltr'><em>E</em></span> <span class='ocrx_word' id='word_1_67' title='bbox 914 904 932 977; x_wconf 82' lang='lat' dir='ltr'><em>b</em></span> <span class='ocrx_word' id='word_1_68' title='bbox 953 903 1017 978; x_wconf 78' lang='lat' dir='ltr'>sint</span> <span class='ocrx_word' id='word_1_69' title='bbox 1031 906 1101 977; x_wconf 85' lang='lat' dir='ltr'>fere</span> <span class='ocrx_word' id='word_1_70' title='bbox 1122 905 1170 999; x_wconf 55' lang='lat' dir='ltr'>inf</span> 
     </span>
     <span class='ocr_line' id='line_1_10' title="bbox 178 1001 1171 1100; baseline -0.012 -16"><span class='ocrx_word' id='word_1_71' title='bbox 178 1033 227 1085; x_wconf 88' lang='lat' dir='ltr'>tet</span> <span class='ocrx_word' id='word_1_72' title='bbox 241 1008 271 1082; x_wconf 86' lang='lat' dir='ltr'>fe</span> <span class='ocrx_word' id='word_1_73' title='bbox 292 1011 323 1083; x_wconf 90' lang='lat' dir='ltr'>in</span> <span class='ocrx_word' id='word_1_74' title='bbox 347 1008 456 1081; x_wconf 83' lang='lat' dir='ltr'>eadem</span> <span class='ocrx_word' id='word_1_75' title='bbox 478 1009 611 1087; x_wconf 84' lang='lat' dir='ltr'>ratione,</span> <span class='ocrx_word' id='word_1_76' title='bbox 636 1006 778 1100; x_wconf 87' lang='lat' dir='ltr'>sequitur</span> <span class='ocrx_word' id='word_1_77' title='bbox 801 1012 833 1075; x_wconf 85' lang='lat'>&amp;</span> <span class='ocrx_word' id='word_1_78' title='bbox 855 1001 1041 1076; x_wconf 77' lang='lat' dir='ltr'>altitudines</span> <span class='ocrx_word' id='word_1_79' title='bbox 1055 1008 1095 1073; x_wconf 88' lang='lat' dir='ltr'><em>A</em></span> <span class='ocrx_word' id='word_1_80' title='bbox 1099 1008 1130 1071; x_wconf 87' lang='lat' dir='ltr'><em>C</em></span> <span class='ocrx_word' id='word_1_81' title='bbox 1138 1006 1171 1070; x_wconf 77' lang='grc' dir='ltr'>δι</span> 
     </span>
     <span class='ocr_line' id='line_1_11' title="bbox 178 1095 1172 1197; baseline -0.011 -16"><span class='ocrx_word' id='word_1_82' title='bbox 178 1114 236 1181; x_wconf 74' lang='lat' dir='ltr'>Ac</span> <span class='ocrx_word' id='word_1_83' title='bbox 247 1104 377 1180; x_wconf 81' lang='lat' dir='ltr'>eandem</span> <span class='ocrx_word' id='word_1_84' title='bbox 385 1107 449 1179; x_wconf 88' lang='lat' dir='ltr'>fere</span> <span class='ocrx_word' id='word_1_85' title='bbox 457 1101 729 1180; x_wconf 81' lang='lat' dir='ltr'>rationemhabere</span> <span class='ocrx_word' id='word_1_86' title='bbox 737 1128 833 1195; x_wconf 82' lang='lat' dir='ltr'>qnam</span> <span class='ocrx_word' id='word_1_87' title='bbox 842 1098 956 1173; x_wconf 82' lang='lat' dir='ltr'>habent</span> <span class='ocrx_word' id='word_1_88' title='bbox 967 1096 1101 1181; x_wconf 75' lang='lat' dir='ltr'>sinuum</span> <span class='ocrx_word' id='word_1_89' title='bbox 1109 1095 1172 1197; x_wconf 80' lang='lat' dir='ltr'>du·¹</span> 
     </span>
     <span class='ocr_line' id='line_1_12' title="bbox 176 1196 1172 1306; baseline -0.012 -28"><span class='ocrx_word' id='word_1_90' title='bbox 176 1208 306 1306; x_wconf 78' lang='lat' dir='ltr'>plorum</span> <span class='ocrx_word' id='word_1_91' title='bbox 320 1213 379 1277; x_wconf 85' lang='lat' dir='ltr'>RB</span> <span class='ocrx_word' id='word_1_92' title='bbox 392 1213 426 1277; x_wconf 74' lang='lat' dir='ltr'>dc</span> <span class='ocrx_word' id='word_1_93' title='bbox 439 1213 468 1274; x_wconf 83' lang='lat' dir='ltr'><em>E</em></span> <span class='ocrx_word' id='word_1_94' title='bbox 474 1202 567 1280; x_wconf 86' lang='lat' dir='ltr'>b,h0c</span> <span class='ocrx_word' id='word_1_95' title='bbox 576 1200 849 1297; x_wconf 82' lang='lat' dir='ltr'>est‚aperturarum</span> <span class='ocrx_word' id='word_1_96' title='bbox 856 1196 1020 1292; x_wconf 84' lang='lat' dir='ltr'>quadrata.</span> <span class='ocrx_word' id='word_1_97' title='bbox 1031 1201 1172 1298; x_wconf 53' lang='lat' dir='ltr'>,0415st</span> 
     </span>
     <span class='ocr_line' id='line_1_13' title="bbox 185 1290 1172 1409; baseline -0.011 -34"><span class='ocrx_word' id='word_1_98' title='bbox 185 1376 191 1384; x_wconf 85' lang='grc'>,</span> <span class='ocrx_word' id='word_1_99' title='bbox 230 1305 333 1375; x_wconf 81' lang='lat' dir='ltr'><em>Coroll.</em></span> <span class='ocrx_word' id='word_1_100' title='bbox 355 1308 423 1399; x_wconf 83' lang='lat'>(3.)</span> <span class='ocrx_word' id='word_1_101' title='bbox 452 1307 491 1376; x_wconf 87' lang='lat' dir='ltr'>In</span> <span class='ocrx_word' id='word_1_102' title='bbox 505 1300 625 1409; x_wconf 77' lang='lat' dir='ltr'>angulis</span> <span class='ocrx_word' id='word_1_103' title='bbox 640 1299 819 1395; x_wconf 82' lang='lat' dir='ltr'>perexiguis</span> <span class='ocrx_word' id='word_1_104' title='bbox 838 1290 980 1367; x_wconf 82' lang='lat' dir='ltr'>exceffus</span> <span class='ocrx_word' id='word_1_105' title='bbox 994 1297 1172 1367; x_wconf 68' lang='lat' dir='ltr'>secantium</span> 
     </span>
     <span class='ocr_line' id='line_1_14' title="bbox 180 1388 1175 1498; baseline -0.014 -24"><span class='ocrx_word' id='word_1_106' title='bbox 180 1397 272 1498; x_wconf 86' lang='lat' dir='ltr'>supra</span> <span class='ocrx_word' id='word_1_107' title='bbox 287 1398 411 1473; x_wconf 76' lang='lat' dir='ltr'>radium</span> <span class='ocrx_word' id='word_1_108' title='bbox 427 1401 497 1474; x_wconf 86' lang='lat' dir='ltr'>sunt</span> <span class='ocrx_word' id='word_1_109' title='bbox 510 1419 605 1468; x_wconf 78' lang='lat' dir='ltr'>ettam</span> <span class='ocrx_word' id='word_1_110' title='bbox 619 1417 654 1466; x_wconf 92' lang='lat' dir='ltr'>ut</span> <span class='ocrx_word' id='word_1_111' title='bbox 668 1393 877 1466; x_wconf 84' lang='lat' dir='ltr'>subtensarum</span> <span class='ocrx_word' id='word_1_112' title='bbox 888 1395 940 1463; x_wconf 88' lang='lat' dir='ltr'>vel</span> <span class='ocrx_word' id='word_1_113' title='bbox 951 1388 1097 1472; x_wconf 75' lang='lat' dir='ltr'>flauum,</span> <span class='ocrx_word' id='word_1_114' title='bbox 1123 1389 1175 1461; x_wconf 89' lang='lat' dir='ltr'>vel</span> 
     </span>
     <span class='ocr_line' id='line_1_15' title="bbox 513 1486 1176 1592; baseline -0.009 -28"><span class='ocrx_word' id='word_1_115' title='bbox 513 1495 1010 1592; x_wconf 82' lang='lat' dir='ltr'>tangentium‚veletiamarcuum</span> <span class='ocrx_word' id='word_1_116' title='bbox 1018 1486 1176 1585; x_wconf 83' lang='lat' dir='ltr'>quadrata</span> 
     </span>
     <span class='ocr_line' id='line_1_16' title="bbox 217 1583 1183 1686; baseline -0.009 -21"><span class='ocrx_word' id='word_1_117' title='bbox 217 1608 277 1666; x_wconf 69' lang='lat' dir='ltr'>m.</span> <span class='ocrx_word' id='word_1_118' title='bbox 295 1611 353 1684; x_wconf 54' lang='grc' dir='ltr'>τὰ.</span> <span class='ocrx_word' id='word_1_119' title='bbox 369 1623 396 1686; x_wconf 80' lang='lat' dir='ltr'>p.</span> <span class='ocrx_word' id='word_1_120' title='bbox 417 1609 464 1681; x_wconf 85' lang='lat'>84.</span> <span class='ocrx_word' id='word_1_121' title='bbox 513 1616 609 1684; x_wconf 81' lang='lat' dir='ltr'>quarn</span> <span class='ocrx_word' id='word_1_122' title='bbox 623 1592 780 1686; x_wconf 83' lang='lat' dir='ltr'>proxine.</span> <span class='ocrx_word' id='word_1_123' title='bbox 807 1583 960 1661; x_wconf 84' lang='lat' dir='ltr'>Exceffns</span> <span class='ocrx_word' id='word_1_124' title='bbox 968 1588 1059 1658; x_wconf 88' lang='lat' dir='ltr'>enim</span> <span class='ocrx_word' id='word_1_125' title='bbox 1073 1583 1126 1658; x_wconf 88' lang='lat' dir='ltr'>isti</span> <span class='ocrx_word' id='word_1_126' title='bbox 1136 1583 1183 1677; x_wconf 78' lang='lat' dir='ltr'>bf</span> 
     </span>
     <span class='ocr_line' id='line_1_17' title="bbox 514 1680 1176 1781; baseline -0.009 -21"><span class='ocrx_word' id='word_1_127' title='bbox 514 1695 547 1760; x_wconf 88' lang='lat'>&amp;</span> <span class='ocrx_word' id='word_1_128' title='bbox 556 1685 717 1759; x_wconf 81' lang='lat' dir='ltr'>BFinisto</span> <span class='ocrx_word' id='word_1_129' title='bbox 726 1686 797 1758; x_wconf 81' lang='lat' dir='ltr'>casu</span> <span class='ocrx_word' id='word_1_130' title='bbox 809 1711 884 1757; x_wconf 90' lang='lat' dir='ltr'>cum</span> <span class='ocrx_word' id='word_1_131' title='bbox 896 1680 1051 1757; x_wconf 81' lang='lat' dir='ltr'>subtenfis</span> <span class='ocrx_word' id='word_1_132' title='bbox 1066 1682 1176 1781; x_wconf 82' lang='lat' dir='ltr'>anguli</span> 
     </span>
     <span class='ocr_line' id='line_1_18' title="bbox 182 1778 1176 1878; baseline -0.006 -21"><span class='ocrx_word' id='word_1_133' title='bbox 182 1784 345 1858; x_wconf 67' lang='lat' dir='ltr'>conradus</span> <span class='ocrx_word' id='word_1_134' title='bbox 369 1781 421 1855; x_wconf 78' lang='lat' dir='ltr'>bd</span> <span class='ocrx_word' id='word_1_135' title='bbox 451 1790 484 1854; x_wconf 88' lang='lat'><strong>&amp;</strong></span> <span class='ocrx_word' id='word_1_136' title='bbox 517 1791 586 1856; x_wconf 89' lang='lat' dir='ltr'>BD</span> <span class='ocrx_word' id='word_1_137' title='bbox 609 1781 698 1878; x_wconf 82' lang='lat' dir='ltr'>quafi</span> <span class='ocrx_word' id='word_1_138' title='bbox 728 1781 915 1855; x_wconf 84' lang='lat' dir='ltr'>coincidunt</span> <span class='ocrx_word' id='word_1_139' title='bbox 927 1809 939 1863; x_wconf 86' lang='lat'>3</span> <span class='ocrx_word' id='word_1_140' title='bbox 966 1802 1068 1875; x_wconf 87' lang='lat' dir='ltr'>atque</span> <span class='ocrx_word' id='word_1_141' title='bbox 1096 1778 1176 1851; x_wconf 82' lang='lat' dir='ltr'>adeo</span> 
     </span>
     <span class='ocr_line' id='line_1_19' title="bbox 182 1878 1177 1955; baseline -0.007 -1"><span class='ocrx_word' id='word_1_142' title='bbox 182 1881 311 1955; x_wconf 83' lang='lat' dir='ltr'>eandem</span> <span class='ocrx_word' id='word_1_143' title='bbox 339 1878 406 1953; x_wconf 86' lang='lat' dir='ltr'>fere</span> <span class='ocrx_word' id='word_1_144' title='bbox 432 1907 508 1953; x_wconf 86' lang='lat' dir='ltr'>curn</span> <span class='ocrx_word' id='word_1_145' title='bbox 536 1884 573 1955; x_wconf 87' lang='lat' dir='ltr'>iis</span> <span class='ocrx_word' id='word_1_146' title='bbox 599 1884 750 1954; x_wconf 85' lang='lat' dir='ltr'>rationem</span> <span class='ocrx_word' id='word_1_147' title='bbox 770 1881 915 1953; x_wconf 89' lang='lat' dir='ltr'>obtinent</span> <span class='ocrx_word' id='word_1_148' title='bbox 934 1882 1015 1951; x_wconf 84' lang='lat' dir='ltr'>inter</span> <span class='ocrx_word' id='word_1_149' title='bbox 1037 1878 1083 1949; x_wconf 79' lang='lat' dir='ltr'>se.</span> <span class='ocrx_word' id='word_1_150' title='bbox 1123 1880 1177 1948; x_wconf 84' lang='lat' dir='ltr'>Sic</span> 
     </span>
     <span class='ocr_line' id='line_1_20' title="bbox 184 1970 1179 2076; baseline -0.006 -25"><span class='ocrx_word' id='word_1_151' title='bbox 184 1980 250 2051; x_wconf 87' lang='lat' dir='ltr'>sane</span> <span class='ocrx_word' id='word_1_152' title='bbox 277 1977 362 2076; x_wconf 82' lang='lat' dir='ltr'>apud</span> <span class='ocrx_word' id='word_1_153' title='bbox 390 1978 560 2049; x_wconf 86' lang='lat' dir='ltr'>secantium</span> <span class='ocrx_word' id='word_1_154' title='bbox 587 1979 707 2050; x_wconf 77' lang='lat' dir='ltr'>tabulas</span> <span class='ocrx_word' id='word_1_155' title='bbox 736 1977 845 2050; x_wconf 84' lang='lat' dir='ltr'>videre</span> <span class='ocrx_word' id='word_1_156' title='bbox 877 1970 1040 2070; x_wconf 86' lang='lat' dir='ltr'>estquod</span> <span class='ocrx_word' id='word_1_157' title='bbox 1112 1972 1179 2045; x_wconf 80' lang='lat' dir='ltr'>sito</span> 
     </span>
     <span class='ocr_line' id='line_1_21' title="bbox 185 2071 1180 2172; baseline -0.003 -27"><span class='ocrx_word' id='word_1_158' title='bbox 185 2073 276 2145; x_wconf 89' lang='lat' dir='ltr'>radio</span> <span class='ocrx_word' id='word_1_159' title='bbox 287 2075 401 2145; x_wconf 88' lang='lat' dir='ltr'>circuli</span> <span class='ocrx_word' id='word_1_160' title='bbox 410 2075 549 2169; x_wconf 82' lang='lat' dir='ltr'>partium</span> <span class='ocrx_word' id='word_1_161' title='bbox 561 2076 732 2168; x_wconf 67' lang='lat' dir='ltr'>equalium</span> <span class='ocrx_word' id='word_1_162' title='bbox 749 2099 956 2147; x_wconf 87' lang='lat'>10.000.000</span> <span class='ocrx_word' id='word_1_163' title='bbox 970 2094 1051 2145; x_wconf 85' lang='lat' dir='ltr'>exce</span> <span class='ocrx_word' id='word_1_164' title='bbox 1080 2097 1117 2143; x_wconf 85' lang='lat' dir='ltr'>us</span> <span class='ocrx_word' id='word_1_165' title='bbox 1130 2071 1180 2172; x_wconf 56' lang='lat' dir='ltr'>sef</span> 
     </span>
    </p>
   </div>
   <div class='ocr_carea' id='block_1_2' title="bbox 184 2187 1199 3974">
    <p class='ocr_par' dir='ltr' id='par_1_6' title="bbox 186 2187 1181 2807">
     <span class='ocr_line' id='line_1_22' title="bbox 790 2187 798 2216; baseline 0 0"><span class='ocrx_word' id='word_1_166' title='bbox 790 2187 798 2216; x_wconf 96' lang='grc' dir='ltr'>Ι</span> 
     </span>
     <span class='ocr_line' id='line_1_23' title="bbox 186 2224 1178 2326; baseline 0.005 -33"><span class='ocrx_word' id='word_1_167' title='bbox 186 2224 488 2295; x_wconf 84' lang='lat' dir='ltr'>cantisminutorum</span> <span class='ocrx_word' id='word_1_168' title='bbox 495 2224 632 2299; x_wconf 83' lang='lat' dir='ltr'>duorum</span> <span class='ocrx_word' id='word_1_169' title='bbox 641 2231 817 2326; x_wconf 82' lang='lat' dir='ltr'>primorum</span> <span class='ocrx_word' id='word_1_170' title='bbox 823 2224 868 2298; x_wconf 92' lang='lat' dir='ltr'>est</span> <span class='ocrx_word' id='word_1_171' title='bbox 875 2227 1012 2323; x_wconf 86' lang='lat' dir='ltr'>partium</span> <span class='ocrx_word' id='word_1_172' title='bbox 1020 2224 1178 2305; x_wconf 79' lang='lat' dir='ltr'>duarum,</span> 
     </span>
     <span class='ocr_line' id='line_1_24' title="bbox 189 2317 1181 2420; baseline 0 -27"><span class='ocrx_word' id='word_1_173' title='bbox 189 2317 1181 2420; x_wconf 61' lang='lat' dir='ltr'>&amp;exceffussecantisminutorumquatuorprimonnnestparss</span> 
     </span>
     <span class='ocr_line' id='line_1_25' title="bbox 188 2415 1180 2520; baseline 0 -30"><span class='ocrx_word' id='word_1_174' title='bbox 188 2418 273 2490; x_wconf 86' lang='lat' dir='ltr'>tium</span> <span class='ocrx_word' id='word_1_175' title='bbox 286 2419 386 2490; x_wconf 71' lang='grc' dir='ltr'>οᾶοε</span> <span class='ocrx_word' id='word_1_176' title='bbox 413 2417 497 2490; x_wconf 88' lang='lat' dir='ltr'>unde</span> <span class='ocrx_word' id='word_1_177' title='bbox 509 2420 636 2493; x_wconf 81' lang='lat' dir='ltr'>secantis</span> <span class='ocrx_word' id='word_1_178' title='bbox 645 2424 758 2520; x_wconf 82' lang='lat' dir='ltr'>prioris</span> <span class='ocrx_word' id='word_1_179' title='bbox 772 2429 806 2493; x_wconf 88' lang='lat'>&amp;</span> <span class='ocrx_word' id='word_1_180' title='bbox 821 2418 901 2491; x_wconf 84' lang='lat' dir='ltr'>radii</span> <span class='ocrx_word' id='word_1_181' title='bbox 912 2417 1105 2500; x_wconf 83' lang='lat' dir='ltr'>differentia,</span> <span class='ocrx_word' id='word_1_182' title='bbox 1130 2415 1180 2490; x_wconf 83' lang='lat' dir='ltr'>est</span> 
     </span>
     <span class='ocr_line' id='line_1_26' title="bbox 186 2511 1181 2614; baseline 0 -27"><span class='ocrx_word' id='word_1_183' title='bbox 186 2511 376 2588; x_wconf 78' lang='lat' dir='ltr'>differentiae</span> <span class='ocrx_word' id='word_1_184' title='bbox 391 2514 518 2588; x_wconf 83' lang='lat' dir='ltr'>secantis</span> <span class='ocrx_word' id='word_1_185' title='bbox 534 2516 712 2613; x_wconf 87' lang='lat' dir='ltr'>po&#39;sterioris</span> <span class='ocrx_word' id='word_1_186' title='bbox 731 2544 817 2590; x_wconf 80' lang='lat' dir='ltr'>arcus</span> <span class='ocrx_word' id='word_1_187' title='bbox 831 2517 924 2614; x_wconf 84' lang='lat' dir='ltr'>dupli</span> <span class='ocrx_word' id='word_1_188' title='bbox 945 2525 978 2588; x_wconf 90' lang='lat'>&amp;</span> <span class='ocrx_word' id='word_1_189' title='bbox 998 2515 1083 2588; x_wconf 80' lang='lat' dir='ltr'>radii</span> <span class='ocrx_word' id='word_1_190' title='bbox 1095 2541 1181 2610; x_wconf 80' lang='lat' dir='ltr'>qua·</span> 
     </span>
     <span class='ocr_line' id='line_1_27' title="bbox 188 2610 1181 2710; baseline -0.001 -25"><span class='ocrx_word' id='word_1_191' title='bbox 188 2610 320 2710; x_wconf 82' lang='lat' dir='ltr'>drupla;</span> <span class='ocrx_word' id='word_1_192' title='bbox 345 2610 409 2684; x_wconf 82' lang='lat' dir='ltr'>&#39;hoc</span> <span class='ocrx_word' id='word_1_193' title='bbox 428 2612 474 2685; x_wconf 89' lang='lat' dir='ltr'>est</span> <span class='ocrx_word' id='word_1_194' title='bbox 484 2611 673 2688; x_wconf 65' lang='lat' dir='ltr'>differentiae</span> <span class='ocrx_word' id='word_1_195' title='bbox 689 2614 755 2688; x_wconf 84' lang='lat' dir='ltr'>istae</span> <span class='ocrx_word' id='word_1_196' title='bbox 771 2616 842 2688; x_wconf 86' lang='lat' dir='ltr'>sunt</span> <span class='ocrx_word' id='word_1_197' title='bbox 856 2617 937 2685; x_wconf 88' lang='lat' dir='ltr'>inter</span> <span class='ocrx_word' id='word_1_198' title='bbox 949 2614 977 2685; x_wconf 70' lang='lat' dir='ltr'>st</span> <span class='ocrx_word' id='word_1_199' title='bbox 991 2635 1029 2685; x_wconf 91' lang='lat' dir='ltr'>ut</span> <span class='ocrx_word' id='word_1_200' title='bbox 1043 2636 1181 2708; x_wconf 69' lang='grc' dir='ltr'>πωπω</span> 
     </span>
     <span class='ocr_line' id='line_1_28' title="bbox 186 2709 751 2807; baseline -0.002 -24"><span class='ocrx_word' id='word_1_201' title='bbox 186 2709 351 2807; x_wconf 82' lang='lat' dir='ltr'>quadrata,</span> <span class='ocrx_word' id='word_1_202' title='bbox 378 2719 412 2783; x_wconf 74' lang='grc' dir='ltr'>δι</span> <span class='ocrx_word' id='word_1_203' title='bbox 425 2710 469 2783; x_wconf 82' lang='lat' dir='ltr'>fic</span> <span class='ocrx_word' id='word_1_204' title='bbox 484 2711 557 2784; x_wconf 81' lang='lat' dir='ltr'>sere</span> <span class='ocrx_word' id='word_1_205' title='bbox 566 2716 598 2786; x_wconf 91' lang='lat' dir='ltr'>in</span> <span class='ocrx_word' id='word_1_206' title='bbox 611 2711 751 2807; x_wconf 88' lang='lat' dir='ltr'>reliquis.</span> 
     </span>
    </p>

    <p class='ocr_par' dir='ltr' id='par_1_7' title="bbox 188 2806 1183 3583">
     <span class='ocr_line' id='line_1_29' title="bbox 237 2806 1182 2906; baseline -0.001 -27"><span class='ocrx_word' id='word_1_207' title='bbox 237 2811 340 2880; x_wconf 79' lang='lat' dir='ltr'><em>Coroll.</em></span> <span class='ocrx_word' id='word_1_208' title='bbox 368 2815 438 2906; x_wconf 78' lang='lat'><strong>(4.)</strong></span> <span class='ocrx_word' id='word_1_209' title='bbox 468 2809 625 2881; x_wconf 81' lang='lat' dir='ltr'>Subtensae</span> <span class='ocrx_word' id='word_1_210' title='bbox 646 2810 859 2881; x_wconf 82' lang='lat' dir='ltr'>evanescentes</span> <span class='ocrx_word' id='word_1_211' title='bbox 881 2808 988 2906; x_wconf 78' lang='lat' dir='ltr'>anguli</span> <span class='ocrx_word' id='word_1_212' title='bbox 1013 2806 1182 2879; x_wconf 71' lang='lat' dir='ltr'>(onustus</span> 
     </span>
     <span class='ocr_line' id='line_1_30' title="bbox 189 2904 1181 3004; baseline 0 -28"><span class='ocrx_word' id='word_1_213' title='bbox 189 2907 260 2976; x_wconf 88' lang='lat' dir='ltr'>sunt</span> <span class='ocrx_word' id='word_1_214' title='bbox 285 2909 402 2978; x_wconf 90' lang='lat' dir='ltr'>ultimo</span> <span class='ocrx_word' id='word_1_215' title='bbox 425 2909 458 2976; x_wconf 92' lang='lat' dir='ltr'>in</span> <span class='ocrx_word' id='word_1_216' title='bbox 483 2908 603 2976; x_wconf 89' lang='lat' dir='ltr'>ratione</span> <span class='ocrx_word' id='word_1_217' title='bbox 624 2904 786 3004; x_wconf 80' lang='lat' dir='ltr'>duplicata</span> <span class='ocrx_word' id='word_1_218' title='bbox 805 2931 939 2977; x_wconf 82' lang='lat' dir='ltr'>arcuum</span> <span class='ocrx_word' id='word_1_219' title='bbox 961 2907 1181 2976; x_wconf 88' lang='lat' dir='ltr'>contem1in0·</span> 
     </span>
     <span class='ocr_line' id='line_1_31' title="bbox 189 3000 1183 3098; baseline -0.001 -25"><span class='ocrx_word' id='word_1_220' title='bbox 189 3025 286 3073; x_wconf 87' lang='lat' dir='ltr'>rum:</span> <span class='ocrx_word' id='word_1_221' title='bbox 316 3008 397 3073; x_wconf 87' lang='lat' dir='ltr'>Sunt</span> <span class='ocrx_word' id='word_1_222' title='bbox 416 3002 501 3071; x_wconf 88' lang='lat' dir='ltr'>enim</span> <span class='ocrx_word' id='word_1_223' title='bbox 525 3026 566 3071; x_wconf 89' lang='lat' dir='ltr'>ex</span> <span class='ocrx_word' id='word_1_224' title='bbox 592 3005 675 3098; x_wconf 83' lang='lat' dir='ltr'>prius</span> <span class='ocrx_word' id='word_1_225' title='bbox 700 3001 919 3076; x_wconf 81' lang='lat' dir='ltr'>demonstratis</span> <span class='ocrx_word' id='word_1_226' title='bbox 939 3000 1060 3093; x_wconf 88' lang='lat' dir='ltr'>ubique</span> <span class='ocrx_word' id='word_1_227' title='bbox 1080 3004 1114 3072; x_wconf 91' lang='lat' dir='ltr'>in</span> <span class='ocrx_word' id='word_1_228' title='bbox 1130 3006 1183 3072; x_wconf 59' lang='lat' dir='ltr'>rass</span> 
     </span>
     <span class='ocr_line' id='line_1_32' title="bbox 188 3094 1182 3192; baseline 0.001 -24"><span class='ocrx_word' id='word_1_229' title='bbox 188 3098 276 3188; x_wconf 78' lang='lat' dir='ltr'>tione</span> <span class='ocrx_word' id='word_1_230' title='bbox 296 3094 488 3166; x_wconf 86' lang='lat' dir='ltr'>chordarum</span> <span class='ocrx_word' id='word_1_231' title='bbox 501 3095 683 3192; x_wconf 81' lang='lat' dir='ltr'>duplicata:</span> <span class='ocrx_word' id='word_1_232' title='bbox 712 3098 774 3172; x_wconf 89' lang='lat' dir='ltr'>Sed</span> <span class='ocrx_word' id='word_1_233' title='bbox 793 3125 868 3171; x_wconf 87' lang='lat' dir='ltr'>cum</span> <span class='ocrx_word' id='word_1_234' title='bbox 888 3095 1017 3169; x_wconf 83' lang='lat' dir='ltr'>chordae</span> <span class='ocrx_word' id='word_1_235' title='bbox 1036 3097 1182 3169; x_wconf 74' lang='lat' dir='ltr'>itt-attus</span> 
     </span>
     <span class='ocr_line' id='line_1_33' title="bbox 189 3190 1181 3291; baseline -0.001 -25"><span class='ocrx_word' id='word_1_236' title='bbox 189 3195 307 3285; x_wconf 70' lang='lat' dir='ltr'>ultime</span> <span class='ocrx_word' id='word_1_237' title='bbox 326 3190 480 3271; x_wconf 80' lang='lat' dir='ltr'>defluant,</span> <span class='ocrx_word' id='word_1_238' title='bbox 509 3190 655 3276; x_wconf 78' lang='lat' dir='ltr'>boecii,</span> <span class='ocrx_word' id='word_1_239' title='bbox 684 3199 715 3267; x_wconf 91' lang='lat' dir='ltr'>in</span> <span class='ocrx_word' id='word_1_240' title='bbox 740 3195 892 3268; x_wconf 85' lang='lat' dir='ltr'>distantiis</span> <span class='ocrx_word' id='word_1_241' title='bbox 925 3192 1047 3265; x_wconf 86' lang='lat' dir='ltr'>infinite</span> <span class='ocrx_word' id='word_1_242' title='bbox 1073 3195 1181 3291; x_wconf 68' lang='lat' dir='ltr'>patuis</span> 
     </span>
     <span class='ocr_line' id='line_1_34' title="bbox 189 3288 1183 3387; baseline -0.001 -24"><span class='ocrx_word' id='word_1_243' title='bbox 189 3301 268 3363; x_wconf 82' lang='lat' dir='ltr'>cum</span> <span class='ocrx_word' id='word_1_244' title='bbox 283 3288 394 3373; x_wconf 77' lang='lat' dir='ltr'>iisdem</span> <span class='ocrx_word' id='word_1_245' title='bbox 418 3289 610 3373; x_wconf 75' lang='lat' dir='ltr'>coincident,</span> <span class='ocrx_word' id='word_1_246' title='bbox 637 3288 803 3365; x_wconf 88' lang='lat' dir='ltr'>&amp;iisdem</span> <span class='ocrx_word' id='word_1_247' title='bbox 822 3312 1008 3385; x_wconf 84' lang='lat' dir='ltr'>aeqnentur‚·</span> <span class='ocrx_word' id='word_1_248' title='bbox 1030 3296 1068 3361; x_wconf 82' lang='lat' dir='ltr'>ut</span> <span class='ocrx_word' id='word_1_249' title='bbox 1089 3288 1183 3387; x_wconf 58' lang='lat' dir='ltr'>supin</span> 
     </span>
     <span class='ocr_line' id='line_1_35' title="bbox 188 3375 1182 3491; baseline 0.002 -33"><span class='ocrx_word' id='word_1_250' title='bbox 188 3375 482 3491; x_wconf 62' lang='lat' dir='ltr'>demonſtrauimus,</span> <span class='ocrx_word' id='word_1_251' title='bbox 500 3388 650 3462; x_wconf 82' lang='lat' dir='ltr'>subtensae</span> <span class='ocrx_word' id='word_1_252' title='bbox 665 3392 726 3462; x_wconf 79' lang='lat' dir='ltr'>itlae</span> <span class='ocrx_word' id='word_1_253' title='bbox 739 3412 832 3462; x_wconf 87' lang='lat' dir='ltr'>erunt</span> <span class='ocrx_word' id='word_1_254' title='bbox 845 3393 912 3486; x_wconf 82' lang='lat' dir='ltr'>pari</span> <span class='ocrx_word' id='word_1_255' title='bbox 926 3391 1045 3459; x_wconf 82' lang='lat' dir='ltr'>ratione</span> <span class='ocrx_word' id='word_1_256' title='bbox 1056 3383 1125 3459; x_wconf 85' lang='lat' dir='ltr'>hoc</span> <span class='ocrx_word' id='word_1_257' title='bbox 1145 3389 1182 3460; x_wconf 87' lang='lat' dir='ltr'>in</span> 
     </span>
     <span class='ocr_line' id='line_1_36' title="bbox 190 3483 1180 3583; baseline 0.001 -28"><span class='ocrx_word' id='word_1_258' title='bbox 190 3483 263 3555; x_wconf 82' lang='lat' dir='ltr'>casu</span> <span class='ocrx_word' id='word_1_259' title='bbox 275 3486 306 3555; x_wconf 91' lang='lat' dir='ltr'>in</span> <span class='ocrx_word' id='word_1_260' title='bbox 320 3485 440 3560; x_wconf 79' lang='lat' dir='ltr'>ra&#39;tinne</span> <span class='ocrx_word' id='word_1_261' title='bbox 457 3486 598 3580; x_wconf 84' lang='lat' dir='ltr'>ipsorum</span> <span class='ocrx_word' id='word_1_262' title='bbox 618 3514 752 3560; x_wconf 78' lang='lat' dir='ltr'>arcuum</span> <span class='ocrx_word' id='word_1_263' title='bbox 772 3486 945 3583; x_wconf 83' lang='lat' dir='ltr'>duplicata.</span> <span class='ocrx_word' id='word_1_264' title='bbox 1176 3493 1180 3499; x_wconf 85' lang='grc'><strong>’</strong></span> 
     </span>
    </p>

    <p class='ocr_par' dir='ltr' id='par_1_8' title="bbox 184 3581 1199 3974">
     <span class='ocr_line' id='line_1_37' title="bbox 239 3581 1181 3678; baseline 0.001 -27"><span class='ocrx_word' id='word_1_265' title='bbox 239 3584 341 3652; x_wconf 77' lang='lat' dir='ltr'><em>Coroll.</em></span> <span class='ocrx_word' id='word_1_266' title='bbox 354 3586 424 3674; x_wconf 85' lang='lat'>(5.)</span> <span class='ocrx_word' id='word_1_267' title='bbox 453 3583 555 3656; x_wconf 90' lang='lat' dir='ltr'>Unde</span> <span class='ocrx_word' id='word_1_268' title='bbox 573 3610 706 3678; x_wconf 88' lang='lat' dir='ltr'>quoque</span> <span class='ocrx_word' id='word_1_269' title='bbox 730 3588 762 3656; x_wconf 91' lang='lat' dir='ltr'>in</span> <span class='ocrx_word' id='word_1_270' title='bbox 781 3581 896 3655; x_wconf 89' lang='lat' dir='ltr'>eodem</span> <span class='ocrx_word' id='word_1_271' title='bbox 920 3581 989 3652; x_wconf 85' lang='lat' dir='ltr'>casu</span> <span class='ocrx_word' id='word_1_272' title='bbox 1012 3606 1053 3652; x_wconf 87' lang='lat' dir='ltr'>ex</span> <span class='ocrx_word' id='word_1_273' title='bbox 1072 3581 1181 3652; x_wconf 88' lang='lat' dir='ltr'>corol-</span> 
     </span>
     <span class='ocr_line' id='line_1_38' title="bbox 188 3675 1199 3778; baseline 0 -30"><span class='ocrx_word' id='word_1_274' title='bbox 188 3680 269 3749; x_wconf 83' lang='lat' dir='ltr'>lario</span> <span class='ocrx_word' id='word_1_275' title='bbox 280 3675 377 3769; x_wconf 86' lang='lat' dir='ltr'>hujus</span> <span class='ocrx_word' id='word_1_276' title='bbox 392 3681 618 3778; x_wconf 82' lang='lat' dir='ltr'>propofitionis</span> <span class='ocrx_word' id='word_1_277' title='bbox 634 3683 742 3778; x_wconf 88' lang='lat' dir='ltr'>primo</span> <span class='ocrx_word' id='word_1_278' title='bbox 763 3684 823 3751; x_wconf 87' lang='lat' dir='ltr'>erit</span> <span class='ocrx_word' id='word_1_279' title='bbox 842 3678 981 3751; x_wconf 85' lang='lat' dir='ltr'>subtensa</span> <span class='ocrx_word' id='word_1_280' title='bbox 996 3679 1181 3753; x_wconf 79' lang='lat' dir='ltr'>evanescens</span> <span class='ocrx_word' id='word_1_281' title='bbox 1197 3686 1199 3695; x_wconf 90' lang='lat'>&#39;</span> 
     </span>
     <span class='ocr_line' id='line_1_39' title="bbox 188 3773 1182 3876; baseline -0.004 -28"><span class='ocrx_word' id='word_1_282' title='bbox 188 3776 296 3870; x_wconf 80' lang='lat' dir='ltr'>anguli</span> <span class='ocrx_word' id='word_1_283' title='bbox 316 3773 478 3849; x_wconf 66' lang='lat' dir='ltr'>contadus</span> <span class='ocrx_word' id='word_1_284' title='bbox 495 3781 626 3872; x_wconf 77' lang='lat' dir='ltr'>aequalis</span> <span class='ocrx_word' id='word_1_285' title='bbox 645 3804 735 3852; x_wconf 82' lang='lat' dir='ltr'>arcus</span> <span class='ocrx_word' id='word_1_286' title='bbox 750 3775 846 3876; x_wconf 74' lang='lat' dir='ltr'>ipsius</span> <span class='ocrx_word' id='word_1_287' title='bbox 865 3773 1032 3870; x_wconf 70' lang='lat' dir='ltr'>queneto,</span> <span class='ocrx_word' id='word_1_288' title='bbox 1058 3773 1099 3847; x_wconf 87' lang='lat' dir='ltr'>ad</span> <span class='ocrx_word' id='word_1_289' title='bbox 1114 3775 1182 3844; x_wconf 87' lang='lat' dir='ltr'>cir·</span> 
     </span>
     <span class='ocr_line' id='line_1_40' title="bbox 184 3871 1180 3974; baseline -0.006 -25"><span class='ocrx_word' id='word_1_290' title='bbox 184 3874 254 3963; x_wconf 74' lang='lat' dir='ltr'>euli</span> <span class='ocrx_word' id='word_1_291' title='bbox 268 3871 464 3948; x_wconf 82' lang='lat' dir='ltr'>diametrum</span> <span class='ocrx_word' id='word_1_292' title='bbox 477 3880 655 3974; x_wconf 77' lang='lat' dir='ltr'>applicato.</span> <span class='ocrx_word' id='word_1_293' title='bbox 1073 3871 1180 3943; x_wconf 68' lang='lat' dir='ltr'>carelli</span> 
     </span>
    </p>
   </div>
   <div class='ocr_carea' id='block_1_3' title="bbox 0 0 1237 4328">
    <p class='ocr_par' dir='ltr' id='par_1_9' title="bbox 0 0 1237 4328">
     <span class='ocr_line' id='line_1_41' title="bbox 0 0 1237 4328; baseline 0 0"><span class='ocrx_word' id='word_1_294' title='bbox 0 0 1237 4328; x_wconf 95' lang='lat' dir='ltr'> </span> 
     </span>
    </p>
   </div>
  </div>
 </body>
</html>
