2438 4328
250 166 932 264 Pursl'coaMATHEMATIM.
1029 214 1096 292 257

114 344 182 401 tem
203 327 234 399 in
258 324 325 398 uere
346 324 388 403 &K
403 320 590 413 hujustnodi
608 321 720 394 mediis
742 320 782 394 sit
795 322 860 395 sere
876 324 1097 398 invelocitatis

113 429 233 497 ratione
248 422 294 495 du
317 424 421 502 licata,
446 424 567 514 Liquet
585 421 819 493 osciflrtionum
839 442 982 517 tempora
1000 425 1096 498 etiam

116 525 147 594 in
168 447 341 620 cycloides,
373 524 407 591 bc
431 520 654 590 multoeciam
679 521 780 616 magis
807 520 839 589 in
865 520 1015 600 circulo,
1040 543 1096 614 per

113 643 214 693 aerem
234 643 297 689 non
317 612 377 688 esse
390 618 423 689 in
438 614 569 687 diversis
589 614 724 687 arcubus
737 617 860 712 penitus
878 618 1010 709 aequtlia
1015 643 1026 698 3
1041 613 1096 688 sed

112 720 145 807 in
162 715 347 808 majoribus,
371 714 415 784 ob
428 710 629 785 resistentiam
648 715 790 794 nimiam,
815 712 909 808 paulo
918 712 1046 804 majora.

163 817 266 883 carru.
286 822 354 898 (z.)
384 812 476 885 Hinc
497 811 641 904 sequinu
661 807 701 881 ud
727 812 938 904 :equalitatem
966 831 1092 908 tempo⁴

112 926 187 982 rum
207 912 239 980 in
254 908 426 1005 horologiis
442 907 636 978 oscillatoriis
655 909 775 1003 optime
792 906 996 982 obtinendam
1014 931 1095 1004 opus

113 1004 186 1086 effe,
207 1028 243 1078 ut
256 1004 390 1104 pendula
406 1003 531 1078 eosdem
557 1028 646 1074 arcus
660 1006 779 1101 semper
796 1002 996 1076 describente
1022 1009 1095 1079 alias

113 1103 157 1173 ob
176 1104 363 1196 inaequalem
382 1103 606 1181 velocitatem,
639 1101 698 1171 ubi
722 1110 811 1171 arcus
824 1100 959 1192 majores
978 1098 1097 1175 descri-
1140 1117 1141 1120 ’

112 1214 178 1281 tur,
210 1199 348 1282 tardius3
377 1200 435 1273 ubi
462 1201 607 1277 minores,
633 1198 764 1270 celerius
787 1195 872 1286 justo
894 1198 952 1271 fiet
971 1201 1115 1275 motuss'

114 1295 216 1368 Unde
231 1299 326 1366 etiam
339 1293 425 1369 causa
440 1293 562 1369 ostendi
577 1293 692 1392 potest,
716 1315 830 1392 praeter
858 1310 1094 1370 automatorum
1186 1311 1189 1318 '

114 1392 301 1464 struduram
320 1396 424 1463 minus
449 1392 633 1489 perfidam,
657 1417 754 1485 quare
774 1393 955 1490 Horologia
975 1393 1095 1484 majora

112 1491 144 1559 in
163 1490 236 1559 navi
255 1490 405 1561 collocata
417 1487 529 1560 &huc
548 1489 625 1559 illuc
639 1489 752 1579 justatu
773 1511 835 1558 non
852 1485 931 1560 adeo
950 1509 1100 1563 accurate

114 1611 150 1656 ac
169 1585 260 1658 domi
277 1587 475 1657 manentia&
490 1587 521 1657 in
535 1587 643 1678 quiete
652 1584 751 1682 posita
764 1581 854 1656 horas
869 1583 1096 1663 demonstrant.

114 1683 175 1754 Ob
193 1680 425 1755 concussionem
437 1684 521 1754 enirn
531 1680 732 1775 frequentem
751 1705 839 1752 arcus
855 1701 939 1753 nunc
950 1683 1098 1773 majoresf

112 1801 195 1852 nunc
215 1783 349 1852 minores
372 1779 612 1853 describuntur:
639 1785 673 1848 δι
689 1776 762 1850 inde
788 1780 939 1876 temporis
954 1780 1095 1876 inaequa-

112 1879 180 1948 litas
202 1879 347 1949 nonnulla
363 1874 530 1965 necessario
549 1877 764 1968 consequitur.
898 1894 901 1901 ’

158 1978 262 2046 Coroll.
282 1974 350 2072 (3.)
377 1975 599 2046 Oscillationes
618 1971 779 2044 breviores
794 1965 859 2044 fiie
874 1973 906 2044 in
927 1970 1093 2070 Cycloide
1172 2045 1175 2050 ,

111 2069 176 2141 sive
195 2071 226 2141 in
244 2072 379 2145 Circulo
401 2071 472 2143 sunt
495 2073 594 2167 magis
612 2067 784 2142 isochrbnae
801 2076 899 2162 quam
912 2070 1089 2169 longiorest

109 2167 153 2236 ob
174 2168 328 2238 minorem
346 2176 457 2265 nempe
467 2166 566 2239 medii
583 2167 792 2262 perturbantis
806 2156 1028 2240 resistentiemr
1055 2175 1092 2247 bc
1117 2262 1119 2266 Α

110 2260 297 2334 brevissrmae'
321 2263 430 2336 iisdem
453 2264 649 2361 temporibus
664 2278 858 2363 peraguntur
874 2285 910 2341 ac
930 2266 962 2336 in
980 2263 1092 2340 medio

113 2374 176 2429 non
206 2356 363 2431 resistente
388 2362 671 2527 quamproxime:
697 2361 755 2434 ubi
780 2362 874 2432 etiam
897 2362 1037 2459 Cyclois
1055 2369 1091 2440 δε

112 2455 263 2526 ¹Circulus
279 2458 367 2554 plane
387 2457 491 2528 coinci
516 2478 585 2536 unt,
610 2455 676 2529 fi've
692 2455 721 2549 se
741 2459 858 2528 mutuo·
871 2472 1029 2552 tanguntr
1055 2464 1095 2528 &¹

109 2552 315 2625 oscillationes
333 2555 365 2624 in
384 2553 507 2624 circulo
526 2555 584 2625 vix
602 2550 758 2636 differunt
772 2553 810 2623 ab
826 2553 863 2622 iis
874 2560 947 2645 qu'ae
961 2553 1045 2625 fiunt
1058 2554 1103 2627 in·

109 2647 269 2745 cycloide.
320 2647 421 2724 Unde
436 2650 531 2722 etiam
547 2642 714 2746 horologii
727 2646 913 2720 oscillatori'a
929 2666 1003 2742 quae
1016 2669 1093 2745 pens

108 2744 188 2816 dulo
200 2743 348 2843 longiore
357 2746 573 2844 gubernantur
590 2748 766 2820 accuratius
778 2747 883 2817 multo
894 2743 986 2818 horas
1005 2743 1100 2821 indi··

107 2863 178 2914 cant
194 2854 291 2935 quam
304 2850 339 2914 e‘a
357 2849 431 2936 quae
454 2844 593 2915 breviori
606 2845 792 2939 alligantur3
819 2851 982 2941 propterea
998 2839 1102 2934 quod·

109 2957 195 3011 arcus
208 2942 301 3038 longe
320 2942 453 3012 minores
471 2939 509 3010 ib
531 2941 568 3011 iis
584 2936 816 3012 describunturr
872 2943 994 3015 Earum
1010 2960 1090 3014 veru

109 3035 422 3130 oscillationumquae
445 3039 477 3110 in
501 3035 672 3127 majoribus
690 3037 823 3108 srcubus
843 3033 927 3111 fiunt
945 3049 1090 3137 tempora

109 3129 178 3203 sunt
195 3137 291 3230 paulo
309 3131 439 3224 majesta,
471 3142 510 3205 eb
534 3131 626 3225 quod
650 3131 820 3205 refistentia
845 3134 998 3229 corporis,
1022 3153 1089 3224 qua
1131 3191 1132 3195 η

107 3233 230 3324 tempus
244 3230 449 3328 pruducitum
473 3228 574 3320 major
588 3227 628 3299 fit
636 3253 694 3324 pro
705 3229 824 3300 ratione
837 3227 1044 3326 longitudinis
1055 3230 1090 3306 in

107 3321 252 3397 descensu
270 3312 446 3424 descrspiae,
473 3327 533 3410 (ob
547 3325 699 3417 majorem
714 3340 824 3423 nempe
850 3327 1090 3418 velocitatem)-

108 3424 206 3514 quam
217 3421 385 3496 refistentia
396 3426 427 3494 in
440 3421 561 3495 ascensu
574 3421 785 3514 subsequenti,
798 3446 863 3516 qua
874 3441 1000 3523 ternpus
1011 3445 1089 3494 con·

106 3513 256 3602 trahitur.
305 3519 367 3592 Sed
383 3527 416 3592 ὅ(
435 3531 499 3590 'tem
523 3537 559 3590 u's
573 3519 815 3599 oscillationum‚
840 3539 905 3591 tam
922 3518 1087 3599 brevium,

107 3613 204 3704 quam
222 3543 545 3710 longarumnonnsdil
571 3614 709 3714 produci
734 3614 864 3687 videtur
883 3639 939 3712 per
959 3637 1088 3688 motum

106 3708 218 3782 medii.-
269 3715 355 3785 Na'm
378 3712 577 3808 Corporibus
596 3710 839 3785 tardescentibus
860 3713 957 3809 paulo
981 3714 1089 3793 minus
1143 3799 1145 3805 Α

107 3804 262 3880 resrstitur
278 3829 338 3904 pro
359 3809 480 3885 ratione·
496 3810 686 3906 uesotitatis,
711 3816 745 3882 &
763 3808 950 3916 corporibus
966 3811 1106 3917 accele-¹
1206 3880 1208 3884 ,

657 3910 679 4010 ξ
1013 3923 1087 3974 rans
