2438 4328
158 153 227 228 290
419 127 875 199 rraeaacrrorvas

152 263 219 349 1253
242 264 292 336 uti
309 261 348 338 fit
367 265 400 349 in
416 263 657 336 attraclionibus
677 262 894 363 Magneticis,
922 264 961 333 dc
975 254 1147 348 Eleblrieia

155 365 215 438 ubi
233 387 301 456 quo
321 360 422 452 majus
442 359 490 433 est
511 358 681 441 attrahens,
706 384 746 431 eo
761 361 891 432 caeteris
912 361 1057 471 paribus
1070 363 1149 454 major

154 461 201 535 est
214 460 371 533 attraclio.
422 461 542 531 Oritur
562 460 647 530 enim
659 458 808 529 attractio
823 480 937 528 omms
956 458 995 531 in
1007 479 1114 533 totum
1122 487 1150 537 er

153 557 395 635 retractionibus
410 558 441 626 in
457 579 560 655 partes
575 555 730 655 singulam·
753 579 811 626 nec
824 557 924 627 aliter
937 581 996 628 res
1011 559 1076 650 rite
1095 583 1150 630 con

153 658 220 757 cipi
234 654 348 753 potest.
400 656 478 725 Hoc
497 654 623 727 facilius
636 655 831 751 intelligetur
847 656 882 725 in
895 656 1082 753 gravitate,
1091 681 1150 737 con

154 751 304 852 cipiendo
325 753 463 824 Planetas
484 755 588 850 plures
614 755 763 832 minores,
787 754 900 824 omnia
920 776 1070 863 corpora
1084 752 1151 827 seor·

153 851 214 924 sun
228 846 426 930 attrahentes,
452 852 483 922 in
491 875 593 922 unum
602 852 739 948 globum
752 851 850 929 coire,
879 844 1150 942 &maloreme

151 968 258 1022 netam
269 973 470 1059 componere.
523 954 610 1021 Nam
625 950 674 1020 vis
692 950 790 1022 totius
811 972 852 1018 ex
874 947 1015 1026 viribus
1031 952 1149 1048 partium

153 1067 417 1144 componentium
440 1045 517 1116 oriri
542 1048 674 1119 omnino
698 1043 807 1118 debet.
858 1045 996 1139 siquis
1024 1047 1150 1139 objiciat,

153 1140 258 1236 Quod
271 1166 403 1241 corpora
415 1145 523 1215 omnia
540 1169 615 1237 qua:
630 1138 715 1242 apud
728 1167 782 1215 nos
797 1141 881 1220 sunt,
898 1139 965 1214 hac
975 1145 1012 1224 le
1062 1147 1150 1247 gravi·

154 1260 222 1314 tare
237 1237 390 1313 deberent
402 1244 434 1313 in
446 1241 475 1312 le
492 1263 626 1325 mutu03
656 1266 733 1313 cum
748 1262 853 1313 tamen
868 1239 983 1329 ejufin
1040 1245 1150 1340 'gravi
1165 1292 1172 1319 .

152 1355 197 1412 tas
215 1340 403 1433 neutiquam
422 1338 595 1423 sentiatur3
623 1336 801 1437 Responfio
826 1335 933 1410 facilis
963 1337 1020 1411 est
1031 1368 1045 1425 ς
1076 1338 1149 1436 quod

151 1437 289 1538 gravitas
303 1437 334 1507 in
353 1435 423 1508 haec
443 1461 500 1508 cor
544 1463 589 1517 ra,
615 1462 691 1510 cum
708 1434 749 1509 fit
766 1434 805 1509 ad
821 1437 1032 1533 gravitatem
1054 1440 1149 1511 inter·

150 1557 219 1608 ram
245 1553 364 1616 totam,
396 1535 462 1633 pari
510 1533 644 1615 istantia‚
678 1556 716 1606 ut
743 1534 815 1607 lunt
839 1531 913 1605 haec
940 1535 1148 1633 corporaad

152 1632 292 1706 Terram
309 1652 424 1714 totam,
449 1633 501 1703 lon
526 1657 543 1703 e
566 1633 670 1704 minor
687 1629 745 1712 est,
769 1656 867 1727 quam
884 1652 925 1702 ut
943 1632 1022 1711 ullo
1043 1633 1151 1709 indicio

150 1657 565 1829 senfibilidignoscipoint.

202 1831 301 1901 Coroll.
312 1833 382 1917 (2.)
412 1828 596 1900 Gravitatio
615 1829 647 1898 in
668 1825 802 1924 srngulas
821 1828 971 1922 corporis
987 1831 1150 1925 particulas

149 1923 284 2020 aequales
301 1918 348 1996 est
360 1927 522 2023 reciproce
543 1945 580 1997 ut
591 1922 785 2018 quadratum
797 1920 959 2002 distantia,
980 1927 1148 1999 locoruml

147 2023 319 2120 particulis.

200 2122 398 2189 LXXXIII.
426 2119 459 2189 Si
472 2117 660 2191 Globorum
679 2117 820 2191 duorum
837 2119 868 2188 in
887 2115 919 2188 se
936 2141 1067 2193 mutuo
1083 2147 1146 2220 gra·

148 2213 321 2287 vitantium
337 2217 465 2286 materia
479 2212 621 2308 undique
639 2217 671 2287 in
696 2216 879 2315 regionibus
899 2240 981 2310 quae
1006 2221 1026 2290 a
1045 2222 1149 2292 centris

152 2309 319 2404 aqualiter
339 2310 455 2384 distant
477 2309 675 2410 homogenea
693 2312 745 2394 srt,
770 2315 829 2384 erit
842 2311 971 2409 pondus
990 2317 1099 2387 Globi
1113 2320 1152 2387 al-

148 2411 353 2520 terutriusin
379 2410 514 2482 alterum
533 2413 697 2509 reciproce
717 2432 755 2482 ut
773 2408 972 2503 quadratum
994 2411 1150 2491 distantia

146 2527 229 2578 mter
251 2528 367 2580 centra.

197 2602 370 2700 Postquam
400 2601 565 2678 invenill'et
598 2607 655 2678 Cl.
683 2610 866 2678 Newtonus
892 2607 1091 2703 gravitatem
1114 2610 1146 2679 in
1218 2663 1219 2668 ,

150 2699 309 2775 Planetam
322 2723 430 2774 totum
443 2704 522 2774 oriri
537 2710 570 2774 ὃ(
587 2706 740 2800 componi
750 2728 791 2773 ex
805 2703 1024 2801 gravitatibus
1038 2708 1149 2803 inpar·

147 2816 207 2880 tet,
233 2805 267 2872 &
283 2797 344 2872 else
368 2802 400 2871 in
422 2821 524 2897 partes
543 2797 677 2898 fingulas
694 2802 858 2899 reciproce
873 2805 1150 2898 proportionalem
1218 2817 1219 2820 ’

144 2894 306 2988 quadratis
331 2895 549 2969 distantiarum
579 2900 596 2968 d
621 2898 776 2995 partibus,
800 2895 981 2980 dubitabat,
1005 2925 1047 2973 an
1066 2904 1148 2975 reci·

145 3013 242 3088 proca
260 2996 312 3066 illa
328 3018 387 3090 pro
431 2996 495 3065 rtio
514 2992 677 3091 duplicata
702 2996 860 3080 obtineret
886 2997 1039 3091 accurate
1065 3002 1095 3070 in
1113 3000 1148 3069 vi

145 3106 215 3160 tota
236 3115 277 3162 ex
306 3019 446 3190 partibiis
471 3091 616 3186 pluribus
641 3090 835 3190 compofita3
869 3117 905 3163 an
925 3119 1009 3190 vero
1029 3121 1147 3189 quam·

142 3184 303 3282 proxime.
356 3195 444 3262 Nam
463 3188 534 3260 fieri
556 3193 665 3288 potuit
686 3211 722 3262 ut
742 3191 909 3288 proportio
923 3191 976 3262 illa
992 3193 1027 3265 in
1040 3193 1147 3282 majo-

142 3283 392 3359 ribusdistantiis
408 3287 477 3357 latis
488 3286 648 3360 obtineret
657 3316 668 3370 3
695 3310 727 3360 at
761 3314 836 3387 rope
852 3285 1058 3385 superficiem
1073 3293 1144 3362 Pla·

142 3401 225 3452 netae
238 3384 282 3457 ob
295 3386 464 3478 inaequales
480 3383 706 3481 particularum
725 3313 885 3458 distantias
900 3391 933 3455 &
956 3382 1036 3458 litus
1050 3386 1142 3463 diffi-

139 3479 230 3550 miles
248 3481 429 3554 notabiliter
445 3503 574 3553 erraret.
625 3481 776 3555 Tandem
799 3510 876 3556 vero
894 3505 949 3579 per
974 3492 1074 3584 Prop.
1093 3514 1142 3583 44

139 3580 245 3671 &45.
273 3580 461 3676 &ipsarum
484 3582 663 3653 Corollaria
684 3578 815 3652 eandem
840 3584 1086 3677 proportionem
1107 3588 1140 3656 in

135 3664 295 3768 sphericis
309 3680 507 3772 corporibus,
517 3673 557 3748 ad
571 3676 702 3765 eandem
717 3677 841 3772 ubique
855 3681 871 3750 l
888 3681 1003 3773 centris
1016 3680 1140 3772 distan-

136 3770 214 3846 tiam
235 3796 328 3868 aeque
340 3771 455 3858 densas,
480 3794 629 3850 accurate
638 3775 784 3876 obtinere
803 3777 974 3873 mtellerrit.
