2438 4328
232 162 915 249 PHYSJCO-MATHEMATIM.
1015 198 1061 264 ις

86 295 318 401 spetieruunliud
332 299 470 374 mobile:
497 298 571 369 Sive
587 294 768 370 Transsatio
788 303 930 398 corporis
949 297 991 374 de
1010 303 1064 374 ri·

89 397 168 486 cinit
177 419 350 494 corporum
371 395 578 469 ambientium
599 397 632 467 in
652 394 802 468 viciniam
816 400 970 482 aliorumr
995 396 1069 471 five·

87 482 216 577 deinum
232 491 425 581 ,Trmssatio
446 494 585 592 corporis
604 490 646 566 de
668 490 732 566 srtu
752 495 833 567 inter
852 497 912 567 alia
931 519 1064 593 corpora

83 591 372 688 prpprioinalium
386 588 493 664 situm.
1095 604 1100 613 '

103 756 108 765 .
134 688 236 777 Sicin
249 690 322 761 navi
335 713 409 783 quae
423 689 500 760 velis
519 685 608 787 puffis
628 688 730 761 fertur
744 689 911 764 Relativus
923 687 1074 787 corporit..

86 791 197 865 Locus
211 785 257 875 est
271 788 356 861 navis
375 787 466 884 regio
482 786 541 858 ‘illa
558 788 591 857 in
610 809 676 879 qua
696 810 810 884 corpus
831 787 988 869 versatum
1010 784 1073 857 seu*

85 885 229 973 cavitatis
241 885 340 956 totius
353 909 420 982 pars
434 884 485 955 illa
499 907 597 976 quam
610 907 725 980 corpus
739 881 903 982 adimplet,
925 904 1077 977 qunque.

87 979 169 1065 adeo
195 1002 345 1057 movetur
366 1006 426 1054 una
447 1006 523 1053 cum
543 981 643 1053 navi:
676 984 722 1053 Et
736 982 836 1071 Ques
851 984 999 1056 Relativa
1018 980 1074 1053 est·

87 1077 260 1175 pennanfio
275 1081 413 1177 corporis
424 1078 457 1149 in
471 1076 581 1151 eadem
594 1078 646 1149 illa
658 1080 743 1151 navis
754 1081 893 1177 regione,
918 1081 969 1151 vel
980 1100 1076 1177 parte-

89 1177 246 1255 cavitatis.
294 1181 342 1248 At
356 1178 456 1266 Quies
471 1182 556 1250 Vera
571 1173 618 1246 est
631 1171 796 1288 perpmsro
808 1177 949 1272 corporis
968 1179 1068 1248 inet-

88 1269 273 1370 dem.parte
299 1272 387 1368 spatii
410 1275 492 1347 illius
512 1275 639 1346 immori
661 1298 694 1345 tn
715 1297 780 1366 qua
801 1274 887 1347 nevis
906 1271 980 1370 ipe,
1004 1297 1068 1345 um
1185 1303 1196 1323 ·

91 1393 168 1441 cum
181 1370 318 1449 cavitate
331 1367 394 1450 sua,
403 1372 598 1444 &contentis
612 1368 763 1443 uuriverfir
779 1392 938 1444 movetur.
965 1366 1067 1442 Unde

94 1461 216 1559 fiterra
237 1488 310 1536 vere
330 1463 514 1558 quiesceret,
539 1492 652 1564 corpur
673 1465 766 1562 quod
784 1468 913 1539 relative
927 1466 1070 1560 quiescet

92 1563 126 1632 in
146 1561 232 1656 naui,
251 1584 435 1634 moveretur
456 1563 529 1635 vere
550 1570 585 1635 &
603 1564 742 1639 absolute
755 1588 791 1636 ea
811 1589 888 1637 cum
902 1564 1083 1639 velocitate·

93 1681 163 1750 qua¹
169 1659 256 1731 navis
269 1659 461 1750 movebatur
475 1662 507 1731 in
522 1680 612 1732 terra.

23 1770 26 1783 ’
122 1755 204 1857 =Sin
218 1760 321 1828 Terra
340 1780 472 1853 quoque
494 1777 673 1839 moveatur,
698 1760 839 1830 Orietur
852 1780 946 1829 verus
961 1763 995 1829 &
1013 1757 1084 1829 alr-²

93 1848 369 1952 solutur'corporis
384 1874 491 1927 motus
513 1854 628 1952 partim
649 1878 690 1925 ex
710 1872 802 1929 terrae
822 1875 916 1925 motu
939 1878 1017 1925 vem
1036 1855 1086 1927 in·

77 1945 190 2045 ,spatio
203 1949 358 2035 immoto;
384 1952 499 2049 partim
513 1976 554 2023 ex
576 1951 710 2025 relativis
723 1949 876 2030 motibus,
900 1951 1087 2023 tumnavie

95 2044 128 2115 in
142 2047 250 2138 terrai,¹
261 2069 333 2120 turn
347 2049 486 2146 corporis
501 2047 533 2120 in
545 2049 635 2129 navi3
664 2053 711 2120 Et
722 2072 765 2121 ex
778 2045 827 2119 his
836 2047 982 2120 'motibus
994 2050 1089 2121 reln-x

96 2143 858 2242 tivisorieturcorporismotusrelttirusinterri.
887 2142 1075 2219 Utsrterrae

97 2260 163 2333 pars
178 2241 230 2311 illa
244 2241 300 2313 ubi
314 2246 400 2315 navis
419 2241 560 2316 versatur
575 2264 745 2314 moveatur
757 2241 831 2314 vere
850 2243 882 2313 in
903 2244 1089 2314 Orientem-

97 2359 174 2406 cum
187 2336 354 2427 velocitate
360 2342 499 2436 partium
512 2362 623 2409 10010
627 2365 638 2420 3
654 2344 688 2409 &
698 2340 776 2410 velis
788 2348 948 2430 ventoque
956 2338 1092 2413 feratur·

97 2431 184 2503 navis
197 2433 229 2505 in
243 2434 457 2508 Occidentem
470 2436 720 2508 cumvelocitate
728 2436 866 2531 partium
878 2459 937 2514 103
967 2440 1077 2509 Nauta'

97 2549 204 2601 autem
220 2529 360 2603 ambulet
373 2535 405 2603 in
418 2533 490 2603 navi
507 2533 678 2605 Orientem
691 2526 795 2605 versus
809 2556 885 2602 cum
897 2531 1093 2605 velocitatis:

96 2646 184 2720 parte
205 2650 284 2713 una:
312 2631 506 2713 Movebitur
521 2634 716 2702 Nauta.vere
729 2634 764 2698 &
779 2626 916 2699 absolute
931 2628 962 2696 in
976 2625 1075 2723 spatio

97 2722 234 2815 immoto
249 2748 325 2794 cum
338 2727 478 2821 partibus
491 2726 666 2795 velocitatis
686 2725 1095 2804 10001in0rientem‚&.·.

99 2820 227 2891 relative
240 2820 273 2891 in
288 2841 371 2893 terra
385 2819 602 2896 Occidentem
616 2819 721 2893 versus
736 2822 812 2895 c'urn
826 2820 1077 2920 velocitatis'pnr-
1091 2868 1096 2891 2

19 2942 21 2946 ’
63 2987 64 2990 ,
98 2915 185 2992 tibus
197 2940 324 2995 novem.
826 2958 829 2965 ‚
868 2958 872 2967 ·
931 2951 933 2955 ·

44 3018 47 3022 ⁴
146 3010 217 3082 Feb.
235 3012 291 3085 28.
322 3019 418 3109 ηοξ.

101 3194 765 3455 ΒΕΕῇἰῑίοηεεηοηηυΠεεΙΙζῖιῖΙοὼρὴίκ
776 3241 1099 3380 Newtonianaeprae7'.
1116 3288 1119 3293 ’

212 3381 380 3457 mittendas
393 3384 571 3480 nuperrime
584 3378 822 3479 proposuimus,
866 3387 965 3454 Nunc
975 3398 1100 3473 autemst

101 3477 269 3559 Scholium
290 3481 443 3552 Genernle
463 3478 689 3550 definitionum
716 3479 861 3551 ultimam
890 3485 924 3548 &
946 3475 1084 3574 penulti-

98 3601 184 3657 mam
202 3577 336 3673 speelans
349 3574 624 3674 supperaddemus.
673 3614 676 3619 ·

149 3665 296 3749 Scholium
328 3677 479 3745 Generale.
537 3668 790 3764 Distinguuntur
822 3672 924 3764 Qies
944 3677 978 3742 &
1001 3671 1102 3757 Μο-Ι

42 3839 45 3843 ,
100 3789 152 3865 tus
170 3768 365 3873 Absoluti&
380 3771 525 3845 Relativi
539 3769 577 3844 ab
592 3768 732 3841 invicem
748 3790 804 3867 per
815 3793 928 3842 eorum
944 3765 1086 3867 proprie·

207 3875 210 3879 ¹
739 3893 750 3910 ‘
993 3879 1084 3937 ῐῖἴθδ)
