2438 4328
232 143 945 271 Parasito-MATHEMfflM.
1031 152 1105 249 '155'
1172 185 1176 195 ·

117 287 169 381 jor
185 284 339 382 Ellipseus
358 281 399 355 ad
422 281 563 375 ejusdem
581 288 674 356 axem
693 284 871 359 mitiorema
897 290 993 380 atque
1020 285 1106 361 adeo

117 385 278 458 inlatione
297 382 383 462 data,
406 383 545 480 temperi
570 384 811 480 proportionali.
861 386 1017 456 Manente
1036 385 1104 479 jam

115 481 271 578 Ellipseus
291 502 349 553 axe
368 479 500 572 majore,
525 477 591 550 five
615 482 731 553 circuli
746 479 904 554 diametro
922 487 963 552 A
978 486 1017 563 B,
1041 485 1106 557 mi·

114 600 230 653 matur
249 581 404 677 perpetuo
433 576 590 675 Ellipseos
613 577 766 660 latitudo,
801 577 867 652 sive
893 581 960 652 axis
985 581 1106 656 mmor.

114 684 161 752 Et
178 701 221 750 ex
241 680 275 750 vi
286 676 352 772 jam
364 673 651 749 demonſtratorum
664 679 804 749 manebit
816 681 1008 750 areaAOD
1021 699 1106 754 tem·

112 777 184 874 pori
201 774 458 874 proportionalis.
508 775 680 848 Minuatur
698 773 837 849 latitudo
857 775 911 847 illa
938 776 970 848 in
996 775 1105 850 infini-
1182 802 1185 817 ·

112 894 184 947 tum
191 899 204 957 3
232 879 266 944 &
280 872 374 945 Orbe
400 877 542 943 ARPB
567 875 710 972 elliptico
727 873 792 966 jam
809 869 1103 948 coincidenteeum

111 995 170 1044 axe
183 971 263 1050 AB,
287 967 456 1042 descendet
467 995 508 1039 co
548 994 583 1040 us
596 973 628 1042 in
643 972 728 1042 reela
751 977 832 1044 Ac·
858 977 892 1042 δι
905 972 1106 1044 aneaAOD

111 1065 227 1141 evadet
242 1065 305 1139 hoe
320 1069 416 1140 etiam
432 1068 464 1138 in
480 992 551 1138 cassu
569 1071 706 1165 tempori
718 1068 973 1166 proportionalis.
1001 1066 1107 1142 Unde

114 1165 234 1238 filiuea
250 1166 334 1236 reda
354 1186 391 1237 ut
406 1169 473 1236 CD
492 1165 545 1236 axi
559 1164 824 1265 perpendicularis
838 1167 882 1239 ita
900 1162 960 1236 fibi
974 1166 1105 1263 paralle-

111 1267 162 1336 lus
180 1262 299 1358 semper
319 1260 466 1333 deorsum
491 1265 616 1335 moveri
639 1262 842 1362 supponatur,
866 1283 905 1335 ut
926 1265 1044 1334 AOD
1060 1261 1105 1336 sit

112 1362 238 1452 ubique
249 1360 387 1455 tempori
401 1362 653 1456 proportionalis,
678 1363 835 1459 punstum
862 1366 891 1431 C
910 1361 1023 1432 loeum
1044 1358 1105 1432 de·

116 1456 299 1528 terminabit
322 1452 362 1526 ad
388 1478 487 1548 quem
517 1457 632 1530 eodem
658 1478 804 1558 tempore
822 1455 901 1530 dato
914 1481 1029 1557 corpus
1045 1455 1107 1530 de·

114 1553 222 1624 orsum
238 1551 381 1625 cadendo
397 1550 445 1623 est
458 1575 698 1650 perventurum.

162 1653 366 1722 Corollarimn.
393 1658 527 1747 Propter
543 1652 756 1744 aequalitatem
774 1677 854 1724 areae
873 1652 1037 1724 circularis
1057 1676 1102 1723 ae·

112 1750 201 1841 quali
224 1768 366 1844 tempore
392 1748 516 1841 ubique
543 1745 753 1819 describenda
776 1751 861 1820 cirea
887 1749 1002 1819 circuli
1027 1773 1103 1820 cen·

114 1867 213 1926 trum,
238 1848 298 1917 erit
314 1864 423 1916 motus
436 1847 547 1942 puneli
573 1851 607 1914 D
632 1843 752 1942 semper
762 1845 938 1938 aequabilis,
965 1851 999 1915 &
1012 1867 1103 1917 arcus

112 1945 246 2036 aequales
263 1941 340 2013 dato
355 1964 499 2040 tempore
513 1940 681 2013 describet.
1163 2025 1170 2041 ι

161 2045 265 2111 Coroll.
279 2045 348 2124 (2.)
378 2045 543 2138 Tempora
569 2041 677 2133 itaque
705 2061 878 2139 corporum
902 2034 1100 2119 cadentium,

113 2137 256 2231 &spatia
275 2161 481 2231 quacunque
500 2137 762 2216 describentium,
787 2155 826 2209 ut
850 2141 936 2217 Ac,
963 2134 1034 2210 sunt
1051 2139 1102 2208 in·
1170 2148 1173 2153 '

115 2252 164 2300 ter
186 2231 272 2302 seut
295 2232 354 2329 ips1
377 2259 467 2305 arcus
491 2241 583 2306 AD.
633 2240 680 2305 Et
697 2235 792 2333 spatia
810 2230 968 2331 descripta
992 2254 1031 2306 ut
1049 2259 1103 2305 ar·

117 2352 217 2398 cuum
235 2327 317 2399 smus
334 2328 431 2410 verfi,
455 2337 494 2400 A
503 2338 538 2401 C.

165 2428 274 2496 Coroll.
302 2426 373 2520 (ς.)
398 2429 594 2498 Velocitates
621 2448 727 2499 autem
760 2431 791 2501 in
823 2429 902 2499 locis
932 2425 1102 2521 quibusvis

114 2543 152 2593 ut
177 2527 215 2601 C,
239 2523 368 2619 genitae,
393 2522 463 2594 sunt
476 2544 514 2595 ut
529 2549 662 2594 arcuum
683 2530 762 2594 AD
787 2521 973 2596 sinuaredli.
1022 2527 1101 2595 Du·

113 2639 204 2690 catur
232 2620 317 2690 enim
349 2619 428 2690 linea
452 2622 505 2690 cd
526 2618 584 2717 ipsr
610 2627 638 2691 C
650 2627 685 2690 D
709 2622 866 2715 parallelo,
897 2622 929 2690 in
952 2616 1101 2691 distantia

111 2737 224 2811 nempe
246 2714 369 2787 infinite
393 2739 511 2813 parva;
539 2723 574 2786 &
589 2714 726 2787 ducatur
739 2718 852 2789 circuli
872 2738 1000 2811 tangens
1022 2716 1099 2787 dD.

110 2816 204 2884 Dum
235 2815 343 2906 itaque
373 2814 530 2908 pandum
560 2819 595 2882 D
625 2810 775 2886 describit
804 2834 984 2911 tangentem
1015 2812 1099 2893 dD,

110 2932 225 3006 eorpus
237 2908 349 2983 cadens
361 2909 512 2983 describit
526 2911 671 2982 lineolam
694 2918 752 2982 σε
773 2909 833 3007 ipsi
857 2912 900 2980 de
924 2909 1098 3002 aqualem

112 3014 145 3078 δι
163 3007 208 3078 ob
220 3005 325 3080 datam
339 3008 453 3106 pundi
477 3014 513 3079 D
535 3009 751 3090 velocitatem,
776 3005 853 3081 dato
876 3028 1020 3102 tempore
1043 3004 1100 3077 da·

110 3102 199 3176 bitur
213 3108 310 3177 etiam
333 3108 358 3176 d
363 3111 397 3178 D
421 3103 632 3204 longitudine.
683 3107 758 3177 Erit
779 3129 860 3206 ergo
884 3106 915 3177 in
938 3105 1101 3200 triangulo
1165 3162 1168 3167 .

109 3202 194 3271 deD
218 3203 283 3274 dD
307 3203 414 3276 radius
426 3206 539 3282 circuli
550 3201 654 3282 datus,
681 3209 716 3272 &
740 3202 785 3273 de
801 3202 918 3302 ¹anguli
942 3203 1031 3274 dne
1055 3199 1099 3271 sr-
1192 3234 1194 3238 ⁴

109 3323 165 3370 nus
192 3301 309 3372 rec'lus.
366 3305 412 3371 Et
440 3322 568 3398 propter
597 3298 839 3388 fimilitudinem
865 3300 1100 3399 triangulorum

111 3395 196 3465 deD
222 3401 339 3478 COD,
364 3396 426 3470 erit
444 3424 484 3470 eo
499 3399 565 3471 loci
583 3393 690 3468 radius
716 3396 808 3479 OD,¹
828 3403 863 3469 &
885 3395 968 3470 finus
991 3396 1099 3469 reolus

112 3492 219 3586 anguli
241 3498 357 3564 AOD
382 3493 444 3593 ipsa
470 3500 542 3566 CD.
592 3492 653 3566 Est
663 3519 741 3592 ergo
753 3495 906 3568 velocitas
924 3498 957 3568 in
973 3495 1099 3591 ponetis

112 3585 277 3677 quibusvis
303 3597 389 3663 Cut
410 3617 497 3665 arcus
521 3597 599 3662 AD
624 3589 705 3669 finus
729 3592 844 3685 reelus.
893 3600 990 3694 Μ.
1000 3598 1048 3664 D.

161 3684 263 3751 Coroll.
284 3689 353 3783 (4.)
378 3692 542 3786 Tempora
556 3691 661 3760 omnia
676 3689 796 3783 quibus
811 3716 943 3788 corpora
963 3689 1004 3763 de
1017 3675 1097 3761 lo'cis

108 3778 275 3895 quibusvis
288 3782 327 3858 ad
340 3785 439 3880 usque
452 3808 598 3901 centrum
609 3784 727 3860 cadunt
740 3786 809 3862 lunt
820 3788 942 3883 ubique
952 3784 1095 3948 aeqtglb·

389 3918 398 3929 ·
1038 3904 1095 3951 um
