2438 4328
170 126 240 212 246
445 119 873 187 PReAELECTIONES
1025 40 1215 171 iv

171 278 226 358 pra
246 251 371 355 pondus
389 254 476 322 aeris.
528 249 629 324 Unde
649 257 683 321 ὅ(
702 252 804 348 vulgo
823 249 976 323 dicuntur
993 251 1083 322 levia
1094 270 1168 342 φιτ

172 355 244 428 sunt
263 355 366 426 minus
384 351 502 447 gravia,
526 353 655 441 aerique
678 353 885 445 praegravanti
909 347 1061 420 cedendo
1077 349 1172 443 supe-

172 458 258 528 riora
273 468 399 549 petunt.
450 450 679 543 Comparative
692 448 774 517 levia
787 445 869 526 sunt,
893 472 956 518 non
969 447 1121 518 absolute
1135 450 1169 513 &

173 573 267 632 vere3
295 549 373 642 quia
385 542 578 616 descendunt
602 547 632 614 in
650 562 766 615 vacuo.
817 546 870 616 Sic
890 551 924 615 δι
945 546 1080 638 inaqua
1096 566 1171 611 cor·

175 673 254 749 pora
268 666 342 739 quae
355 643 399 714 ob
411 643 564 732 majorem
584 645 636 713 vel
657 646 814 714 minorem
831 644 1027 739 gravitatem
1040 637 1172 713 descen·

174 745 258 819 dunt
272 745 325 813 vel
338 739 508 813 ascendunt
528 739 597 811 sunt
614 743 827 837 comparative
843 747 1079 836 &apparenter
1095 762 1171 835 gra·

176 846 231 915 via
244 841 297 913 vel
306 840 400 920 levia,
425 845 459 908 ὅ(
470 861 582 908 eorum
599 841 735 936 gravitas
755 839 808 909 vel
819 838 928 908 levitas
947 837 1170 935 comparativa

178 947 372 1034 &apparens
396 934 443 1007 est
464 931 605 1006 excessus
625 937 677 1006 vel
696 933 842 1005 defettus
858 958 928 1028 quo
946 959 1026 1005 vera
1051 936 1170 1005 eorum

178 1037 315 1136 gravitas
332 1034 385 1103 vel
407 1033 530 1129 superat
551 1037 740 1128 gravitatem
763 1053 866 1124 aquae,
890 1033 943 1102 vel
960 1031 1005 1103 ab
1020 1057 1058 1102 ea
1076 1029 1171 1126 supe-

178 1154 274 1206 ratur.
324 1138 408 1217 Qrae
428 1155 507 1200 vero
528 1153 586 1200 nec
610 1128 835 1226 pra¹gravando
866 1126 1076 1208 descendunt,
1108 1150 1170 1197 nec

176 1255 243 1329 prae
284 1232 389 1300 avanti
403 1226 547 1299 cedendo
559 1227 749 1307 ascendunt3
777 1223 898 1300 etiamst
913 1229 998 1299 veris
1014 1225 1075 1297 suis
1086 1242 1170 1321 pon-

179 1256 311 1398 deriiius
333 1325 506 1424 adaugeant
574 1323 654 1395 ndus
681 1325 800 1406 totius3
830 1326 1046 1418 comparative
1064 1342 1171 1395 tamen

179 1431 214 1496 δι
234 1427 266 1496 in
288 1423 373 1495 sensu
388 1425 494 1520 vulgi,
522 1348 608 1516 ffiino
620 1422 798 1493 &insensu
816 1418 1089 1519 Philosophorum
1102 1422 1170 1516 ple-

178 1546 355 1616 rorumque
375 1543 445 1592 ante
466 1519 606 1590 seculum
632 1516 845 1615 hodiernum]
872 1542 935 1589 non
955 1520 1122 1617 gravitant
1141 1520 1172 1603 in

181 1619 273 1714 aqua.
325 1624 412 1689 Nam
426 1616 534 1688 similis
548 1614 594 1686 est
605 1612 724 1687 horum
737 1618 870 1688 casuum
879 1613 1125 1688 demonstratio.

230 1720 331 1788 Coroll.
348 1725 362 1799 (
367 1713 421 1803 8.)
444 1721 529 1800 Qua
547 1711 588 1784 de
602 1715 770 1808 gravitate,
796 1712 861 1784 five
873 1715 908 1785 vi
925 1715 978 1784 illa
994 1715 1176 1810 centripeta

181 1841 246 1909 qua
268 1814 377 1912 gravia
397 1808 551 1883 terrestria
569 1833 714 1882 centrum
733 1833 826 1881 terrae
846 1832 972 1906 petunt,
998 1812 1175 1885 iuratione

181 1935 236 1984 aut
248 1912 400 1991 absoluta,
424 1931 478 1980 aut
491 1905 709 1978 distantiarum
726 1910 889 2003 reciproca
904 1905 1084 2004 duplicata;
1111 1909 1177 1978 ob·

180 2012 279 2077 tinere
299 2006 416 2076 debent
444 2008 474 2075 in
495 2006 561 2074 aliis
581 2003 806 2098 quibusunque
830 2005 952 2076 viribus
977 2007 1179 2100 corriperis,

184 2111 218 2172 &
234 2102 394 2180 absolutis,
421 2108 454 2170 &
474 2098 647 2172 secundum
673 2105 775 2198 legem
798 2112 1028 2194 quamcunque
1050 2099 1176 2174 distan-

181 2202 236 2271 tiae
257 2199 357 2268 auoae
374 2216 429 2268 aut
446 2195 615 2267 diminutae
628 2201 727 2271 anuis
742 2222 796 2270 aut
810 2198 1002 2282 diminutis;
1031 2195 1058 2269 fi
1071 2199 1177 2276 modo

182 2290 369 2386 hujusmodi
387 2295 471 2390 leges
489 2295 608 2366 alicubi
621 2299 826 2393 reperiantur.
879 2288 882 2292 ⁵

232 2395 332 2462 Coroll.
348 2391 418 2484 (94)
441 2386 590 2471 Proinde,
616 2389 639 2462 fi
660 2393 804 2464 medium
829 2394 860 2463 in
882 2418 952 2486 quo
971 2415 1091 2492 corpus
1115 2396 1176 2466 ali·

179 2488 273 2585 quod
290 2498 442 2560 movetur
456 2511 606 2588 urgeatur
625 2493 678 2562 vel
694 2493 711 2560 a
731 2491 888 2586 gravitate
904 2491 1044 2588 propria,
1070 2495 1122 2562 vel
1133 2492 1176 2562 ab

180 2589 238 2660 alia
250 2611 440 2680 quacunque
456 2590 491 2658 vi
508 2590 690 2684 centripeta‚
715 2595 750 2656 &
763 2611 880 2682 corpus
893 2588 932 2658 ab
946 2585 1056 2659 eadem
1064 2589 1098 2659 vi
1113 2615 1176 2658 ur·

180 2702 294 2782 'gratur
317 2683 452 2775 fortius,
483 2681 663 2756 differentia
684 2687 805 2757 virium
834 2683 881 2754 est
907 2687 955 2755 vis
977 2687 1030 2757 illa
1048 2682 1174 2758 morrix‘

179 2807 278 2876 quarn
297 2782 329 2853 in
347 2779 600 2879 praecedentibus
623 2802 660 2852 ut
681 2783 750 2854 vim
765 2784 969 2878 centripetam
990 2779 1173 2875 confidera·

179 2882 298 2951 nimus.
350 2881 403 2953 Sin
423 2903 537 2974 corpus
555 2879 624 2975 avi
642 2880 692 2950 illa
708 2900 859 2976 urgeatur
873 2880 989 2958 levius,
1014 2877 1173 2952 differen-

178 2975 223 3048 tia
237 2978 357 3049 virium
375 3001 434 3073 pro
448 2977 484 3048 vi
500 2974 679 3073 centrifuga
694 2973 800 3048 haberi
820 2977 928 3049 debet.
1165 2976 1169 2982 ’

231 3079 330 3145 Coroll.
348 3081 441 3162 (ro.)
471 3078 560 3144 Cum
582 3095 689 3145 autem
711 3072 810 3145 fluida
839 3072 1011 3171 premendo
1039 3099 1175 3163 corpora

179 3171 296 3242 inclusa
308 3194 370 3241 non
381 3191 509 3242 mutent
524 3193 636 3263 eorum
647 3170 762 3268 figuras
775 3194 928 3253 externas,
949 3192 1037 3268 patet
1049 3171 1175 3269 insuper

182 3290 238 3361 per
256 3266 485 3366 Propofitionis
495 3269 606 3365 prioris
619 3270 795 3346 Corollaria
809 3268 901 3363 quod
915 3295 977 3340 non
998 3271 1174 3343 mutabunt

183 3361 281 3436 fitum
294 3368 433 3461 partium
447 3368 638 3437 internarum
657 3367 739 3438 inter
753 3367 794 3438 se.
845 3365 1046 3460 Proindeque
1064 3366 1088 3438 fi
1104 3370 1176 3440 ani-

175 3462 273 3533 rnalia
291 3464 530 3561 immergantur,
556 3469 589 3532 &
613 3460 741 3534 sensatio
759 3467 861 3535 omnis
881 3465 900 3533 i
917 3487 1012 3536 motu
1027 3468 1173 3560 partium

180 3560 304 3630 oriatur
310 3587 321 3641 3
348 3584 405 3631 nec
422 3558 545 3632 laedent·
561 3584 694 3657 corpora
711 3561 865 3642 immersa,
889 3586 946 3633 nec
969 3559 1176 3635 sensationem

175 3657 277 3729 ollam
289 3659 500 3736 excitabunt,-
514 3656 573 3729 nifi
589 3680 742 3751 quatenus
754 3657 823 3730 haec
838 3670 969 3755 corpora
982 3663 999 3731 a
1012 3663 1176 3757 eomprei·

183 3752 270 3826 fion'e
284 3753 486 3830 omnifariam
506 3753 652 3850 undique
672 3755 852 3831 condensari
870 3753 1007 3854 possunt.
1059 3763 1177 3856 Etpar

1125 3853 1175 3953 est
