2438 4328
189 236 255 311 242
452 191 923 276 ramuncrrorutn‘

240 341 338 411 Coroll.
354 348 371 434 (
374 350 425 429 2.)
454 343 543 410 Cum
557 362 662 410 autem
682 337 779 411 fluidi
792 334 977 430 hujumodi
993 337 1191 414 Mathema-

192 439 252 520 tici
266 437 416 510 definitio
434 443 468 507 &
488 433 669 508 affectiones
690 460 767 506 cum
786 456 896 508 natura
914 442 948 507 δι
965 432 1195 534 phaer'lomenis

193 533 373 608 fluidorum
408 537 599 606 naturalium
626 534 765 605 maxime
788 535 964 632 congruere
994 533 1193 615 videantur,

191 658 324 725 aequum
351 630 397 702 est
424 654 461 703 ut
484 633 612 703 casuum
631 629 746 703 horum
768 627 1053 703 demonstrationes
1079 632 1194 706 fluidis

191 727 303 800 nostris
327 728 537 808 naturalibus,
576 754 667 822 aquae
687 726 872 824 praesertim,
899 735 932 799 &
957 727 1190 803 consimilibus

190 827 397 922 applicentur.
448 823 550 898 Unde
562 826 700 918 liquebit
718 825 856 921 partium
876 823 971 897 fluidi
983 827 1187 900 internarum

189 920 333 1014 quietem
353 915 435 993 inter
454 923 494 1001 se,
521 920 688 994 fluiditatis
702 946 820 995 naturae
839 922 927 1005 nullo
944 920 1052 994 modo
1068 950 1190 1023 repug-

188 1041 278 1091 nare:
294 1027 459 1090 &motum
467 1044 595 1115 omnem
603 1015 741 1115 partium
752 1016 925 1094 fluidorum
934 1021 1020 1092 inter
1031 1021 1062 1092 se
1070 1025 1185 1103 calori,

189 1114 438 1196 fermentationi,
465 1119 518 1188 vel
537 1115 634 1189 caufis
655 1121 721 1189 aliis
741 1118 919 1190 extrinsecis
935 1139 1107 1214 acceptum
1120 1145 1187 1218 po-

189 1215 253 1285 tius
270 1211 332 1285 effe
344 1212 557 1294 referendum,
578 1240 675 1308 quam
694 1213 751 1312 ipfi
774 1212 941 1286 fluiditatis
961 1235 1094 1287 naturae.
1150 1221 1185 1289 Si

189 1313 275 1382 enim
289 1310 501 1407 parteslluidi
515 1310 575 1384 smt
589 1315 641 1384 vel
654 1309 826 1411 sphaericae,
852 1314 904 1383 vel
918 1309 1121 1408 sphaeroides,
1148 1322 1183 1384 ἃ

187 1407 327 1504 perfecte
349 1410 458 1505 politae
468 1437 479 1489 ;
504 1410 547 1481 ita
562 1430 599 1480 ut
614 1434 777 1504 nunquam
797 1412 878 1481 inter
893 1410 921 1478 se
942 1412 1093 1482 connecti
1114 1411 1181 1508 pos-

189 1501 262 1587 smt,
288 1505 341 1578 sed
352 1508 460 1603 potius
480 1504 509 1576 se
528 1509 667 1578 invicem
692 1510 722 1578 in
744 1508 869 1603 punctis
891 1503 1037 1603 phy'ficis
1061 1507 1180 1580 solum·

186 1602 288 1675 modo
305 1623 444 1702 tangant,
470 1607 630 1701 congeries
644 1602 831 1696 hujulmodi
851 1604 1084 1699 particularum
1111 1631 1178 1676 cor-

184 1721 261 1798 pora
274 1721 466 1798 component
480 1704 584 1794 qualia
597 1725 653 1773 nos
666 1701 775 1771 fluida
788 1698 946 1783 dicimus3
973 1707 1010 1772 &
1029 1705 1178 1796 qualium

183 1821 239 1870 nos
251 1823 364 1896 genera
384 1802 471 1895 plura
489 1801 520 1871 in
539 1824 646 1870 rerum
673 1820 783 1869 natura
804 1797 1027 1881 observamus3
1055 1798 1178 1871 etiamfi

183 1898 348 1993 particulae
362 1893 612 1994 ipsaquiescant.
662 1893 813 1968 Fluidum
821 1919 900 1992 ergo
911 1919 953 1965 ex
964 1897 1111 1992 partibus
1123 1897 1179 1968 ad·

181 1991 496 2158 produnpimobilibus,
510 2016 572 2064 non
583 2014 688 2065 autem
701 2017 806 2066 revera
821 1988 992 2065 nccellario
1003 2000 1091 2063 moris
1100 2019 1177 2065 con·

192 2112 258 2158 ‘arc
271 2114 306 2159 vr
330 2108 410 2159 etur.

252 2221 348 2318 Junii
368 2225 423 2294 2⁰.
456 2234 555 2318 1706.

587 2541 737 2613 XXVII.

159 2681 295 2763 LVII.
362 2698 379 2763 I
404 2691 498 2765 fluidi
518 2688 674 2790 sphaerici,
701 2703 735 2768 &
757 2695 930 2788 equalibus
954 2699 970 2768 a
991 2720 1103 2771 centro
1121 2701 1175 2774 di·

378 2787 496 2861 stantiis
508 2787 713 2890 homogenei,
738 2791 842 2864 fundo
861 2792 1018 2890 lphaerico
1034 2823 1175 2870 concen-

175 2884 260 2953 trico
270 2885 485 2980 incumbentis
504 2909 604 2983 partes
625 2888 755 2988 fingulae
771 2889 878 2962 versus
902 2913 1048 2965 centrum
1069 2899 1172 2968 totius

172 2983 345 3075 gravitent,
372 2982 501 3056 sustinet
516 2984 654 3058 fundum
688 2986 791 3060 ondus
807 2989 963 3084 Cylindri
980 2990 1076 3080 cujus
1089 2992 1170 3065 bafis

174 3080 303 3169 aqualis
322 3081 369 3154 est
391 3079 572 3179 superficiei
595 3011 702 3163 funii,
728 3091 763 3156 &
786 3085 926 3158 altitudo
955 3086 1067 3162 eadem
1092 3116 1168 3184 quae

174 3172 272 3246 fluidi
288 3178 511 3252 incumbentis.
795 3233 802 3241 -

221 3274 271 3344 Sit
294 3275 378 3346 'dhm
403 3275 582 3374 superficies
595 3275 701 3357 fundi,
727 3284 762 3349 &
786 3288 847 3350 aei
870 3277 1049 3376 superficies
1074 3283 1169 3382 supe·

168 3366 235 3440 rior
259 3368 364 3445 fluidi.
416 3373 650 3470 superficiebus
680 3371 838 3471 sphaericis
871 3378 1040 3451 innumeris
1069 3379 1165 3476 bslQ,

55 3478 61 3492 ¹
167 3469 239 3562 egl
258 3466 494 3566 distinguantur
520 3468 660 3542 fluidum
680 3473 712 3542 in
732 3474 839 3545 Orbes
859 3480 1088 3558 concentricos‚
1123 3506 1166 3550 ae-

167 3565 304 3653 qualiter
323 3565 448 3649 mallos,
475 3573 510 3638 &
529 3570 661 3665 concipe
674 3570 742 3643 vim
752 3572 914 3670 gravitatis
930 3599 1022 3672 agere
1044 3574 1164 3648 solumi

165 3658 267 3731 modo
289 3664 322 3734 in
348 3663 547 3760 superficiem
572 3666 766 3764 superiorem
792 3668 896 3742 Orbis
921 3671 1093 3765 cujusque,
1129 3681 1164 3744 δε

162 3761 282 3852 aquales
296 3758 357 3832 elle
383 3762 520 3834 actiones
535 3764 568 3832 iu
585 3767 705 3860 aquales
713 3784 813 3860 partes
827 3765 1071 3863 superficierum
1094 3797 1167 3843 om·

148 3855 266 3929 unium,
290 3861 452 3931 Premitur
470 3883 549 3958 ergo
569 3857 911 3963 superficies-suprema
933 3876 1013 3944 ari
1037 3866 1168 3951 visim-

944 4032 949 4045 .
1084 3966 1166 4063 rtet
