2438 4328
10 151 32 220 Β
200 183 583 278 oeaonrrsmv's
608 203 892 302 Auriovrs.
964 210 1028 308 383

10 306 35 354 ²
54 335 150 432 longe
168 331 390 428 jucundiffimo
412 333 511 405 oculis
532 357 635 404 coram
651 357 688 408 ex
733 334 799 409 litas
813 337 1031 414 obtinebimus·

10 406 35 523 ff
54 434 214 520 Quoniam
234 455 307 503 vero
325 436 413 502 Vram
427 434 527 501 Luna
546 431 651 524 orsam,
689 456 740 505 ave
757 432 889 525 ejusdem
895 437 1031 528 semitam

10 540 36 623 ,ζ
57 527 201 601 nondum
220 527 286 599 satis
304 524 536 624 repraesentatam
558 525 712 608 dedimus,
734 551 799 601 eam
820 527 882 603 hoc
901 530 1033 603 artificio

10 630 37 650 ¹*
53 622 125 693 satis
142 623 360 696 commodo&
379 621 464 694 fretu
485 622 631 695 facillimo
651 627 895 721 procurabimus.
937 623 1033 700 Alsu-

10 705 37 817 ¹.
54 740 158 791 matur
175 744 215 792 ex
232 723 415 792 annulorum
426 719 510 815 prius
523 743 759 795 memoratorum
773 748 902 796 numero
913 723 1035 818 aliquis,

10 805 37 852 Ε·
55 816 114 909 qui
130 838 250 888 tantum
262 818 387 889 interius
398 815 565 889 secuudum
577 815 759 890 diametrum
771 842 866 917 puteat
879 842 1033 915 quantum

10 904 38 993 ³,l
57 931 162 1007 patent
181 911 321 986 diametri
346 911 525 986 Globorum
545 911 709 986 Terrestris
735 921 768 985 &
792 919 920 988 Lunaris
942 914 1035 989 simul

10 996 37 1050 'l
59 1005 188 1103 sumptae
201 1010 449 1107 quamproxime.
471 1011 575 1081 Hicce
586 1033 660 1081 vero
671 1012 816 1083 Annulus
827 1013 949 1109 reliquis
961 1038 1036 1085 nor·

10 1106 29 1151 ὓ
55 1104 174 1177 maliter
185 1108 313 1188 erebus,
336 1112 370 1176 δι
388 1108 479 1177 Loco
493 1105 673 1201 Solisatque
693 1111 792 1180 Lunae
803 1113 860 1205 qui
878 1113 910 1180 in
927 1111 1037 1207 Eclip-

10 1200 36 1289 ,³²
58 1195 144 1274 sibus
167 1202 337 1276 secuudum
354 1201 478 1275 eandem
500 1200 585 1298 quast
604 1204 716 1276 restam
737 1205 846 1277 lineam
862 1203 1037 1278 consistunt

10 1292 35 1348 ³¹³
59 1298 234 1371 normaliter
255 1301 432 1380 collocatus,
463 1296 587 1374 habebit
614 1324 701 1373 axem
737 1299 826 1374 suurn
852 1327 904 1400 per
933 1301 1038 1374 Globi

10 1399 33 1481 'l
59 1391 227 1468 Terrestris
248 1419 336 1469 axem
357 1395 559 1470 transeuntem
578 1397 611 1468 in
631 1396 697 1494 ipso
719 1398 867 1471 nimirum
887 1396 1037 1494 eclipticae

13 1488 31 1545 l
58 1489 150 1585 plano
168 1488 331 1588 positum:
369 1493 507 1567 Habebit
528 1490 711 1567 diametrum
737 1496 865 1567 ereum
888 1494 1037 1589 eclipticas
1131 1572 1133 1577 λ

10 1597 27 1677 ΙΙ
56 1586 149 1683 plano
166 1589 457 1687 perpendicularem,
477 1589 543 1662 sartis
561 1589 827 1688 quidemlongam
846 1617 918 1687 quae
937 1594 1038 1664 Lunae

10 1692 25 1775 β
59 1683 198 1787 positum
223 1687 256 1759 in
281 1689 292 1758 i
315 1684 353 1758 fis
370 1686 544 1785 Eclipfium
561 1687 712 1761 limitibus
730 1688 785 1759 ubi
810 1712 919 1784 nempe
944 1685 1040 1784 digiti

16 1790 22 1835 Ξ
85 1781 149 1854 lane
170 1783 247 1855 nulli
271 1713 412 1879 ΕΡςῙίρΓιη
435 1787 594 1879 patiuntur
616 1780 759 1856 exhibete
781 1783 886 1882 poffit.
945 1785 1040 1880 quta

10 1891 16 1975 ξ
57 1803 140 1951 lianc
154 1879 337 1954 diametrum
351 1882 479 1953 ereetum
498 1882 531 1953 in
542 1883 655 1978 angulo
671 1881 730 1952 viae
743 1885 842 1954 Lunae
860 1881 954 1952 aSole
966 1880 1040 1951 visae

10 1992 14 2032 ὲ
59 1977 170 2141 {quali
182 1980 416 2145 {stimula
433 1979 524 2060 rebla,
546 1976 838 2146 semlpdmgropm
858 1976 1040 2143 Gloporum
1067 2035 1070 2040 .
1102 2079 1104 2082 v

10 2108 13 2126 ·
93 2095 163 2143 unae
271 2097 342 2147 errae
377 2096 489 2148 umm'ae
562 2099 599 2147 ua
651 2102 660 2146 ι
731 2099 775 2146 rvr
799 2100 809 2146 ι
832 2098 907 2146 vero
940 2099 959 2145 u

58 2166 145 2240 nitur
164 2169 199 2239 in
217 2191 314 2266 partes
331 2168 481 2244 distantiae
503 2100 603 2243 {tinae
628 2197 645 2243 a
660 2193 766 2242 centro
783 2172 921 2243 minimae
937 2095 1042 2266 rabbi:

59 2261 115 2344 les,
139 2288 196 2359 pro
214 2268 293 2339 varia
311 2268 458 2340 nimirum
474 2265 567 2364 ipsrus
583 2272 682 2340 Lunae
697 2267 734 2339 ab
753 2269 907 2364 Ecliptica
922 2267 955 2336 in
975 2269 1042 2364 ipso

62 2360 204 2458 eclipseos
228 2361 334 2436 medio
358 2363 530 2445 latitudine,
566 2363 701 2453 ejusdem
731 2387 747 2434 a
777 2363 863 2436 nodo
890 2360 1043 2435 distantia

61 2461 292 2553 proportionali.
340 2467 397 2532 Per
410 2461 496 2533 lineae
513 2457 599 2531 istius
610 2457 795 2533 divifionern
811 2464 882 2532 loco
895 2479 953 2530 tuo
964 2482 1042 2529 con·

64 2576 171 2648 gruam
186 2562 220 2628 dc
239 2556 296 2652 ipsr
316 2559 403 2631 lineae
424 2558 558 2629 normale
576 2553 755 2628 extendatur
778 2555 867 2628 silum
891 2553 1044 2652 rigidum,

63 2651 114 2721 vel
133 2653 236 2746 potius
247 2655 311 2725 axis
323 2678 424 2727 aeneus
441 2657 489 2727 vel
505 2652 628 2725 ferreus,
651 2653 700 2723 vel
718 2652 808 2723 etiam
824 2653 952 2750 ligneus,
974 2654 1045 2746 glo·

64 2745 109 2816 bo
125 2751 173 2820 vel
186 2750 303 2823 circulo
315 2754 437 2822 Lunam
453 2749 593 2824 referenti
608 2745 727 2819 affixus.
764 2748 944 2821 Secundum
957 2745 1045 2819 hunc

63 2866 152 2916 axem
165 2868 239 2918 vero
256 2848 289 2919 in
305 2845 393 2918 horas
406 2847 552 2940 horaque
562 2868 657 2943 partes
671 2867 729 2941 pro
743 2848 843 2915 Lunae
853 2867 944 2916 motu
957 2868 1045 2915 men·

64 2937 151 3013 struo
170 2941 304 3016 divisum
323 2965 480 3017 moveatur
500 2949 601 3015 Lunae
624 2943 745 3036 globus,
779 2944 828 3012 vel
852 2943 983 3012 circulus
1006 2940 1045 3011 ab

64 3046 173 3112 occasu
194 3041 226 3111 in
247 3063 365 3120 ortum,
384 3041 494 3113 interea
511 3040 589 3112 dum
609 3038 733 3109 Globus
755 3060 839 3108 terrae
861 3039 938 3108 circa
955 3059 1049 3108 axem

65 3135 156 3207 suum
174 3136 275 3210 debita
294 3138 454 3209 velocitate
471 3137 509 3208 ab
522 3133 630 3207 occasu
652 3134 684 3203 in
702 3154 806 3205 ortum
823 3156 952 3228 quoque
968 3158 1045 3204 con-

65 3253 219 3307 vertatur:
243 3234 339 3304 debita
355 3233 481 3328 inquam
488 3235 651 3302 velocitate:
674 3225 737 3298 hoc
753 3229 810 3310 est,
826 3251 861 3300 ut
876 3226 960 3299 horae
976 3254 1047 3302 mo·

65 3349 115 3400 tus
130 3334 231 3401 Lunae
249 3329 334 3403 horae
351 3352 456 3403 motus
467 3350 571 3410 terrae;
600 3323 723 3396 semissis
742 3323 870 3405 semiffi3
896 3323 1048 3420 quadrans

67 3424 252 3518 quadranti3
288 3448 381 3519 atque
407 3428 449 3497 ita
470 3450 562 3520 porro
582 3424 697 3516 semper
723 3420 907 3517 respondeat.
968 3424 1047 3493 Hoc

68 3523 161 3615 poblo
169 3526 249 3602 Sole,
273 3529 318 3596 vel
327 3527 426 3598 Luna,
443 3523 491 3592 vel
506 3516 640 3616 lampade
654 3520 684 3588 in
698 3518 805 3588 circuli
816 3520 906 3590 eredli
920 3541 975 3588 axe
990 3543 1048 3614 po-

69 3613 143 3699 fito,
164 3618 291 3689 Umbra
305 3620 424 3690 fietiriae
445 3615 557 3688 nollrae
568 3623 669 3687 Lunae
681 3613 789 3684 eodem
805 3616 935 3685 omnino
949 3613 1049 3684 modo

66 3735 121 3809 per
134 3713 322 3804 superficiem
340 3715 460 3786 fieririae
479 3711 592 3783 nostrae
611 3711 747 3782 Telluris
772 3709 894 3786 seretur,
925 3735 992 3803 quo
1014 3712 1047 3780 in

66 3807 186 3909 Eclipsr
205 3807 331 3908 quaefita
346 3808 408 3906 ipsa
420 3814 523 3886 Lunae
536 3807 661 3977 gnpbra
674 3830 727 3905 per
743 3807 837 3905 ipsam
852 3806 988 3972 Tellrpiris
999 3805 1048 3877 su·

878 3925 930 4001 per
957 3923 1045 3980 crem,
