2438 4328
142 224 144 228 ,
224 140 913 237 ΡΗνειεο.ΜΑτΗεΜΑτ1ωε.
991 132 1067 243 131·

71 301 141 355 tota
160 305 199 351 ex
213 278 372 357 omnibus,
394 272 534 372 srplures
550 270 623 353 sint,
643 268 819 370 composta
833 270 874 345 ad
885 272 972 346 'allud
992 274 1059 367 nte

75 380 239 452 immobile
258 373 325 449 srve
343 374 462 447 mobile
478 393 623 444 centrum
634 368 801 469 dirigetur,
828 374 953 443 c'ircui'u
970 373 1063 465 quod
1167 454 1170 459 4

77 476 238 570 aequabilis
259 476 321 545 erit
347 494 488 543 arearum
506 468 689 566 descriptio.
740 466 834 540 Id'er‘u
853 470 979 541 obtin‘e‘t
1004 472 1064 543 ubl

74 598 189 672 corpus
207 575 343 645 alterum
361 593 455 642 motu
473 578 670 661 quocunque
683 574 846 645 movetur,
864 562 1002 653 srii'rodb
1015 570 1064 640 'vit

40 673 247 770 .centripeta
273 669 414 741 sumatur
441 691 476 737 ea
501 690 575 758 quae
598 664 692 736 restat
718 663 789 763 poll
817 652 1063 737 superbiorem

73 772 123 842 vis
142 771 243 842 totius
262 768 381 866 agentis
398 768 431 838 in
453 788 567 859 corpus
587 760 667 836 illud
687 764 832 836 alterum.
868 795 874 804 ·

121 865 270 937 Scholmm
294 871 364 953 (1.)
392 863 555 952 Quoniam
574 860 737 955 aequabilis
753 882 901 933 arearum
920 856 1062 961 descrip-

71 965 121 1035 tio
135 961 247 1034 ·Index
263 958 310 1033 est
327 960 440 1032 'Centri
461 956 553 1054 quod
573 960 622 1030 vis
642 958 693 1031 illa
711 958 837 1057 respicit
858 983 923 1052 qua
946 965 1062 1056 c'orp'us'

73 1057 226 1141 afficitur,
247 1086 361 1158 corpus
384 1081 490 1131 autem
508 1084 525 1128 a
545 1058 580 1128 vi
596 1054 636 1128 ad
662 1053 725 1126 hoc
748 1078 895 1127 centrum
913 1055 1062 1130 tendente

70 1160 225 1230 retinetur
245 1160 277 1229 in
295 1158 469 1249 curvilinea
487 1151 539 1227 sua
551 1154 674 1225 orbita:
726 1158 772 1226 Et
786 1157 938 1248 quoniam
950 1178 1060 1228 motus
1079 1216 1082 1221 .

71 1256 173 1327 omnis
194 1257 355 1326 circularis
372 1252 424 1323 seu
445 1256 476 1324 in
487 1253 599 1323 orbem
610 1249 732 1345 redieru
749 1254 835 1323 redle
853 1250 976 1325 dicitur
996 1257 1059 1326 cir-

72 1377 108 1422 ca
127 1373 273 1423 centrum
294 1347 376 1421 illud
395 1348 465 1420 fieri
492 1349 583 1439 cujus
599 1353 634 1420 vi
655 1374 769 1446 corpus
793 1348 834 1420 de
852 1372 946 1422 motu
966 1354 1062 1423 retti-

70 1443 155 1518 lineo
184 1446 368 1527 retrahitur,
396 1453 429 1516 δι
453 1449 485 1517 in
505 1447 609 1518 orbita
634 1449 686 1520 sua
710 1469 865 1545 perpetuo
885 1451 1059 1521 retinetur:

72 1543 332 1638 Insequentibus
356 1541 572 1641 usurpabimus
599 1544 784 1638 aquabilem
812 1547 897 1616 illam
916 1571 1059 1618 arearum

67 1639 322 1739 descriptionem,
347 1662 384 1712 ut
398 1638 535 1711 indicem
552 1643 677 1720 Cenui,
705 1644 828 1712 circum
841 1640 933 1735 quod
948 1666 1056 1715 motus

70 1740 173 1811 omnis
194 1740 368 1818 circularis,
388 1736 493 1810 seu-in
515 1738 626 1808 orbem
640 1737 761 1809 rediens
782 1738 929 1835 inspatiis
953 1739 1060 1810 liberis

71 1839 247 1934 peragitur.
304 1873 307 1880 ·
499 1860 501 1864 ’

118 1934 267 2004 Scholium
293 1943 361 2023 (a.)
393 1935 519 2030 Spedtat
539 1926 717 2028 propositio
737 1930 808 2003 hac
841 1945 895 2028 17⁸
921 1938 954 2002 &
979 1929 1062 2021 ejus-

71 2027 146 2100 dem
161 2033 326 2103 corollaria
345 2027 384 2101 ad
402 2056 516 2102 verum
531 2027 645 2100 mundi
660 2027 794 2127 systema
804 2028 1059 2128 intelligendum.

71 2133 277 2219 Qamquam
297 2131 381 2198 enim
400 2152 509 2200 motus
529 2153 637 2198 omnes
660 2129 819 2218 planetarii
835 2154 876 2200 ex
892 2148 985 2199 motu
1003 2151 1060 2224 per

69 2241 227 2318 tangentes
248 2221 406 2321 projedlili
424 2224 518 2296 semel
535 2227 579 2319 im
603 2223 695 2306 rell0‚
710 2231 743 2295 &
756 2228 791 2296 vi
803 2230 975 2324 centripeta
986 2250 1059 2323 per·
1086 2265 1087 2268 ¹

70 2339 170 2414 petuo
191 2342 323 2417 urgente
354 2311 414 2392 sint
438 2249 616 2401 derivandi,
651 2344 786 2394 attamen
808 2344 914 2395 centra
940 2326 992 2394 illa
1018 2322 1058 2395 ad

71 2440 146 2507 quae
171 2417 253 2486 vires
277 2419 455 2513 centripetae
483 2417 619 2489 tendunt
648 2427 682 2490 ἃ
708 2421 771 2517 ipsa
796 2443 968 2494 moventur
997 2445 1057 2492 una
1150 2505 1152 2511 .

69 2534 147 2583 cum
169 2513 357 2609 corporibus
379 2517 714 2588 circumvolventibus.
765 2518 818 2589 Sic
832 2519 900 2590 sane
921 2520 1065 2591 circula:

67 2612 170 2681 tiones
185 2610 546 2690 circumterminum,
567 2614 885 2701 Circumiovialium,
902 2623 935 2685 &
952 2620 1057 2686 Lunae

66 2731 107 2777 err
135 2728 230 2781 motu
251 2708 409 2804 projedlili
439 2702 566 2807 srngulis
588 2706 681 2781 semel
706 2708 870 2807 impresso,
904 2721 939 2782 br
960 2736 1006 2782 err
1023 2714 1064 2797 vii
1107 2778 1111 2805 ,

68 2807 243 2902 centripeta
262 2807 298 2876 in·
311 2808 456 2887 Saturni,
493 2809 587 2907 lovis·
604 2816 638 2879 &
660 2809 806 2880 Telluris
829 2824 933 2881 tentra
960 2805 1062 2904 respa

69 2898 154 2976 &cive
171 2892 317 2975 tendente
332 2907 499 2987 oriuntur3
524 2906 600 2976 licet
620 2904 683 3002 ipsa
704 2907 820 2978 interea
841 2908 990 2979 centralia
1006 2906 1068 2981 illa

68 3024 303 3097 corporatum
335 2998 482 3074 satellitio
512 3003 569 3074 suo
596 3002 743 3085 uni-*verb
776 3020 965 3091 moveantur
997 3022 1065 3078 une.

67 3099 151 3168 circa
174 3099 292 3178 Solem,
317 3118 488 3172 commune
506 3103 657 3174 omnium
673 3103 872 3199 planetarum·
888 3103 1062 3200 primarios

65 3220 138 3266 rum
153 3217 312 3269 centrum·
509 3284 512 3291 ,
760 3242 763 3247 «
868 3218 872 3225 “

113 3289 252 3366 XVIII.
278 3293 444 3367 problema„
465 3291 554 3368 Data·
570 3298 677 3383 tribusv
694 3298 940 3390 quibuscunque
955 3301 987 3370 in
1007 3301 1056 3370 lo-

67 3390 114 3458 cis
138 3392 306 3483 velocitate
334 3417 398 3484 qua
426 3418 540 3491 corpus
568 3390 712 3490 figuram·-
727 3396 852 3478 datan'u
873 3397 997 3468 viribu't
1018 3394 1059 3469 ad

66 3509 233 3560 commune
257 3488 388 3581 aliquod
413 3511 570 3583 punctum
595 3516 656 3563 ceu
678 3513 824 3567 centrum
833 3489 1054 3575 ‚tendentibusi

66 3572 217 3654 describit
239 3609 383 3660 centrum
404 3586 490 3661 illud·
507 3591 660 3661 invenire.
944 3676 955 3681 ..
974 3628 1001 3680 g
1053 3672 1056 3677 ¹
1129 3655 1132 3662 ,

115 3681 269 3775 Figuram
283 3677 473 3783 descriptam
493 3702 624 3785 tangant
642 3702 703 3759 tr'es
714 3689 811 3772 attilae
834 3696 908 3769 PT,
929 3693 1071 3789 [Off

64 3781 127 3849 VR
145 3777 176 3849 in
190 3781 314 3874 pundis
324 3781 461 3858 totidem
475 3793 514 3857 P.
522 3790 618 3882 ζμ.
634 3806 856 3860 concurrentes
865 3790 897 3859 in
914 3793 954 3866 T,
971 3791 1055 3951 &lg-

559 3884 593 3954 K
620 3908 637 3953 2
872 3918 876 3932 ¹
991 3885 1037 3947 A'
