2438 4328
226 155 911 242 amasco-MATHEMAa-rooe.
1017 185 1058 268 51·

81 295 369 401 diunturcbrpom,
394 298 594 398 posteriusin
611 303 700 396 prius
711 301 851 397 eousque
865 314 984 403 roget,
1004 309 1067 382 dm

82 424 139 477 nec
156 398 266 475 eadem
290 401 462 474 velocitate
484 398 655 494 respectiva
681 399 871 495 separentur,
897 428 961 496 qua
999 410 1068 479 rius

81 498 285 581 accesserant}
312 503 450 571 Eatenus
463 499 560 576 enimn
584 519 643 566 nec
654 497 735 568 ultra
747 499 831 569 vires'
842 499 904 570 illae
921 430 1066 585 attalica,

80 596 229 695 impulsui
247 616 345 695 pares,
369 593 497 694 possunt
503 621 515 675 3
541 614 598 665 tut
609 595 718 689 potius
731 604 856 667 eatenus
874 618 989 694 corpus
1002 603 1066 671 mi

79 720 136 766 nus
155 696 347 766 reauionern
369 695 519 790 patienta,
544 715 601 762 nec
624 693 716 771 ultra,
741 714 841 788 prout
859 695 892 764 in
909 695 979 765 casu
999 699 1066 793 pri-

77 796 137 865 oti.
188 796 226 862 In
238 794 276 864 iis
292 811 398 863 autem
413 789 610 885 Corporibus
624 812 696 880 quae
713 785 771 859 fibi
784 802 902 862 mutuo
915 793 1065 886 inaequali

77 906 252 983 utrumque
276 889 445 961 velocitate
468 906 655 967 occurrunt,
680 883 834 958 demenda
855 886 1065 984 ellutrinqu'e

77 989 229 1060 velocitas
259 990 390 1080 utrique
427 987 605 1055 eommunis
616 1002 628 1063 ς
656 999 768 1079 utpote
788 1006 862 1078 quae
879 987 1065 1061 velocitates

76 1086 191 1180 easdem
209 1082 262 1156 sed
273 1086 401 1156 mutatis
423 1081 549 1154 sedibus
569 1078 642 1179 post
661 1080 851 1154 consitium
867 1085 1059 1251 generabit

10 1259 16 1265 ,
77 1201 150 1254 tum
168 1199 273 1253 autem
290 1185 487 1275 relinquetur
501 1198 625 1251 tantum
646 1179 856 1251 velocitatut'n
892 1178 1062 1264 ifferentia‚

77 1298 226 1374 tanquam
246 1281 338 1353 unica
357 1275 515 1348 mutandae
546 1276 722 1348 velocitatis
748 1278 860 1348 causat
893 1301 967 1370 quae
993 1280 1062 1352 sane

78 1397 140 1448 non
159 1373 287 1457 cessabit
299 1379 332 1444 &
349 1373 471 1473 agendo
485 1371 695 1472 &reagendm
723 1395 855 1470 corpora
864 1375 973 1447 eadem
981 1379 1065 1465 cele-

77 1476 171 1544 ritate
183 1471 355 1568 respeetiva
369 1497 386 1541 a
398 1470 427 1541 se
440 1472 577 1543 invicem
593 1471 743 1568 separare,
766 1495 830 1564 qua
853 1474 941 1570 prius
960 1472 1064 1546 acces

78 1571 187 1642 seruata
237 1569 303 1642 Rei
315 1566 411 1638 cardo
424 1569 503 1638 ineo
518 1568 639 1661 ubique
654 1570 807 1647 vertitur,
822 1576 871 1640 'ut
885 1572 977 1642 Vires
984 1572 1062 1643 Erat

77 1666 162 1738 sticae
182 1667 288 1738 motui
305 1661 453 1762 impresso
469 1664 590 1757 ubique
605 1682 691 1761 pares
707 1662 859 1736 effaetum
873 1667 965 1737 suum
979 1671 1061 1740 inte'*

74 1789 171 1862 grum
201 1786 295 1857 atque
323 1760 491 1841 illibatum,
524 1785 580 1831 nec
609 1763 702 1840 ultra,
728 1759 851 1852 ubique
878 1762 1058 1834 sortiantur.

74 1860 176 1949 Quod
192 1862 281 1933 aliter
296 1856 366 1931 fieri
379 1883 440 1930 non
452 1852 557 1955 potest
567 1854 700 1951 quamfi
718 1858 868 1928 velocitas
886 1858 1059 1930 recedendi

72 1959 255 2056 respectiva,
279 1952 631 2031 velocitatiaccedendi
647 1952 830 2052 respetlivoe
846 1952 886 2026 ad
913 1953 1059 2031 arnuffim

73 2054 320 2153 correspondeat.
706 2084 709 2091 ·

127 2154 219 2243 (17.)
244 2156 277 2224 Si
288 2150 356 2225 duo
368 2170 499 2249 corpora
524 2149 662 2248 perfeete
681 2147 803 2220 clastica
823 2146 932 2222 eadem
945 2148 1057 2245 celerie

74 2265 138 2316 tate
159 2246 276 2346 singula
289 2248 514 2321 ad··occursum
542 2267 750 2326 revertantur,
776 2249 840 2339 qua
861 2247 900 2318 ab
917 2234 1055 2346 impulsu

73 2340 273 2431 resilieruntt
295 2332 414 2442 fing'ula
425 2343 496 2444 post
510 2347 643 2416 alterum
661 2341 831 2440 impulsum
852 2342 984 2417 candem
1002 2360 1056 2418 ac'a

71 2443 202 2534 quirent
227 2442 416 2514 celeritatem
441 2443 506 2534 qui
524 2441 703 2513 serebantur
722 2438 761 2510 ad
790 2441 959 2514 occursum
989 2445 1055 2541 pris

63 2561 173 2609 mum.
224 2537 284 2610 Ob
306 2534 410 2610 datam
440 2541 524 2609 enim
547 2541 628 2610 inter
652 2529 869 2610 collidendum
891 2540 975 2612 retus
1002 2541 1056 2612 vel

71 2634 240 2706 conflielus
263 2632 526 2732 magnitudinem,
552 2650 665 2730 utpote
683 2633 846 2706 velocitati
868 2635 1053 2733 respectiva

69 2730 150 2802 data
167 2756 285 2829 parem,
310 2731 405 2804 datur
427 2756 486 2804 una
512 2733 731 2828 reelangulum
746 2729 913 2824 quoddam
919 2759 931 2814 3
959 2732 1053 2822 cujut

48 2827 202 2901 ,fatiores
218 2827 288 2900 duo
305 2826 376 2901 sunt
394 2827 548 2901 distantia
565 2847 582 2899 a
598 2829 719 2925 puncto
738 2826 919 2907 concursus,
943 2831 1053 2927 apri«
1090 2887 1093 2891 .
1148 2876 1151 2882 ·

69 2929 175 3006 maria,
202 2932 287 2998 &ea
307 2923 346 2999 ad
360 2928 576 3022 quam-ptimo
591 2921 812 2996 conflislu'est
830 2923 991 2998 reversum
1011 2947 1051 3000 u*

67 3024 194 3117 tritique
203 3050 213 3104 ;
241 3022 265 3094 sr
279 3028 385 3118 itaque
397 3024 617 3121 tettangulum
639 3019 721 3094 illud
737 3020 851 3092 datum
866 3018 1050 3097 dividamus

68 3139 125 3215 per
150 3119 327 3192 distantiam
344 3124 477 3218 primam
503 3141 651 3214 tanquam
673 3120 840 3210 saffiram,
867 3115 1050 3196 distantiam

65 3215 248 3297 secundam,
275 3238 423 3310 tanquam
445 3239 567 3314 quorum
584 3215 822 3287 obtinebimuse
858 3215 911 3286 Sin
923 3233 979 3312 per
996 3215 1049 3289 dia

65 3311 208 3386 stantiam
220 3307 399 3404 secundam,
424 3330 571 3407 tanquam
590 3314 755 3406 diuisum,
776 3306 975 3392 'dividamusa
995 3311 1049 3387 dia

66 3407 211 3482 stantiam
220 3413 364 3507 primam,
389 3424 538 3505 tanquam
552 3430 673 3506 quatum
691 3408 930 3482 obtinebimus:
957 3413 1076 3485 &ita'

65 3509 97 3577 in
111 3529 311 3602 perpetuum.
360 3507 461 3583 Unde
473 3508 614 3602 sequitur
623 3502 782 3581 distantias
794 3501 863 3577 istas
874 3503 951 3577 dato
964 3527 1048 3579 aetna

64 3620 140 3696 pore
159 3603 426 3701 descriptasr'stve
439 3608 622 3677 velocitates
636 3601 807 3677 accedendi
824 3601 863 3673 ὅτ’
879 3599 1048 3679 recedendi

64 3691 126 3771 sibi
139 3721 254 3776 mutuo
267 3703 461 3803 respondere,
487 3702 715 3776 &seinvicem
733 3700 897 3803 consequi.
1041 3748 1045 3753 -

789 3850 841 3864 ’ἰοῦ

559 3895 589 3971 E
616 3917 634 3971 2
689 3874 692 3879 .
847 3856 939 3990 (18.)
951 3844 1045 3971 :Cot-
