2438 4328
64 30 179 149 ,ff

243 175 949 254 amireo-MATHEMATJM.
1032 200 1098 276 255
1193 166 1202 187 ’

106 325 217 402 eadem
237 319 366 391 materia
388 316 501 412 tripla3
526 316 589 384 erit
611 311 753 404 ejusdem
772 305 962 413 superficies,
988 325 1023 391 δι
1042 347 1100 421 per
1215 312 1218 316 ’

109 420 312 514 consequens,
335 412 408 484 data
427 414 608 494 velocitate,
631 409 773 501 ejusdem
788 411 958 487 resistentia
973 417 1004 488 in
1018 414 1101 501 aere,

110 520 236 593 alterius
267 533 391 586 tantum
414 511 589 608 noncupla,
621 509 680 580 ubi
711 507 868 591 soliditas,
898 517 932 583 &
962 520 1102 594 materia

113 616 281 712 quantitas,
305 611 400 702 eique
417 609 658 706 proportionalis
671 605 813 699 ejusdem
832 611 968 706 gravitas
988 609 1029 683 sit
1056 616 1102 687 al·

108 717 207 788 terius
219 710 306 809 plane
320 707 489 803 vigecupla
503 705 654 804 septupla.
690 703 692 706 ⁴
706 704 807 778 Unde
819 707 939 778 mirum
956 732 1020 780 uon
1038 709 1102 794 est,-

110 809 314 886 resistentiam
326 827 387 902 pro
401 804 522 875 ratione
537 803 699 902 gravitatis
714 804 745 915 in
757 800 874 899 sphaera
885 803 1003 895 majore
1013 828 1104 882 tanto

111 912 281 989 minorem,
304 898 435 975 eandem
456 900 609 998 sphaeram
632 926 666 971 m
684 921 804 972 ratione
828 903 951 973 minore
976 901 1102 979 afficere

111 1016 147 1080 &
176 1000 352 1082 retardare,
382 1022 480 1091 quam
504 995 657 1096 sphaeram
683 999 838 1078 minorem
862 993 964 1071 afficit
988 1009 1023 1074 δι
1050 1028 1102 1074 re·

111 1100 225 1178 tardat.
273 1094 377 1189 Qiod
395 1120 474 1167 vero
493 1117 578 1168 tanta
595 1093 635 1168 sit
649 1092 847 1192 ponderis-in
865 1121 933 1168 aere
952 1123 987 1168 v.
1003 1125 1038 1198 g.
1052 1105 1104 1175 in-

111 1225 161 1275 ter
177 1221 290 1272 aurum
309 1203 342 1266 &
362 1195 485 1291 paleam¹
498 1217 642 1292 apparens¹
662 1193 839 1265 velocitatis
856 1191 1018 1268 descensus
1035 1195 1104 1271 dif-

112 1298 258 1375 ferentia,
282 1295 334 1365 illa
346 1316 410 1361 non
423 1288 524 1363 solum
542 1293 560 1364 ὲ
579 1288 816 1389 superficierum
836 1288 888 1361 sed
902 1296 1064 1392 praecipue
1082 1297 1104 1366 ὲ

112 1394 278 1495 gravitatis
299 1385 454 1488 specificae
473 1384 654 1461 differentia
668 1413 733 1483 qua
754 1412 869 1461 aurum
888 1389 982 1488 longe
1002 1396 1105 1491 magis

115 1517 214 1586 quam
233 1488 317 1586 palea
332 1505 483 1582 exuperat
499 1488 576 1558 aeris
594 1483 690 1583 ipfius
712 1487 904 1583 gravitatem
923 1487 1103 1585 dependet:

115 1585 261 1660 excessus
280 1605 387 1655 aurem
405 1581 572 1680 gravitatis*
589 1581 744 1679 specificae
759 1584 898 1680 corporis
914 1586 945 1655 in
966 1611 1033 1659 aere
1045 1585 1104 1658 de-

116 1683 288 1757 scendentis
300 1677 391 1777 supr'a
405 1679 594 1778 gravitatem
609 1677 704 1776 ipsius
717 1681 793 1750 aeris
804 1681 982 1778 specificam
995 1708 1029 1754 er
1041 1685 1104 1757 sola

115 1781 162 1854 est
175 1782 312 1880 gravitas
335 1802 409 1871 quae
435 1799 550 1872 corpus
569 1778 682 1848 inaere
696 1774 836 1874 politum
856 1777 895 1849 ad
912 1777 1104 1852 descenden-

114 1879 196 1952 dum
213 1879 314 1976 cogit,
340 1877 390 1947 uri
409 1876 586 1971 nuperrime
605 1871 809 1946 ostendimus.
860 1875 960 1948 Unde
981 1880 1103 1950 mirum

116 2003 179 2048 non
195 1973 253 2058 est,
265 1971 358 2068 quod
370 1998 481 2043 aurum
496 1974 588 2070 longe
600 1996 698 2065 quam
717 1972 802 2068 palea
823 1975 965 2045 velocius
981 1975 1014 2046 in
1033 2001 1104 2048 aere

115 2072 295 2152 descendat,
320 2073 395 2142 licet
411 2072 442 2141 in
454 2096 558 2141 vacuo
572 2089 707 2162 utraque
720 2071 785 2166 pari
803 2068 922 2169 semper
933 2075 1104 2146 velocitate

117 2168 301 2242 descendere
312 2168 528 2239 observentur.

165 2265 322 2336 Scholium.
380 2267 414 2335 Si
440 2265 501 2361 ipsa
524 2260 675 2334 velocitas
697 2288 869 2361 corporum
897 2272 1042 2341 omnium
1070 2272 1103 2340 in

120 2389 226 2434 vacuo
243 2360 328 2460 apud
348 2363 464 2432 telluris
484 2360 683 2459 superficiem
701 2363 734 2434 in
764 2365 847 2434 notis
876 2365 1024 2435 mensuris
1054 2390 1106 2435 rea

118 2462 278 2553 quirttur,
305 2456 488 2539 Sciendum,
513 2479 578 2531 tam
596 2482 652 2555 per
677 2483 848 2556 corporum
866 2461 1105 2555 perpendicula·

116 2559 194 2629 riter
207 2554 463 2629 descendentium
477 2556 728 2627 observationem
746 2554 912 2635 dueum,
937 2583 1036 2650 quam
1048 2581 1104 2652 per

115 2652 327 2751 pendulorum
345 2678 516 2765 corporum
530 2652 736 2753 oscillationes
752 2661 785 2724 &
797 2654 953 2725 calculum
968 2655 1042 2724 inde
1056 2655 1105 2724 in-
1170 2722 1172 2727 .

115 2753 201 2826 itum
216 2754 232 2822 l
254 2753 308 2823 cl.
323 2755 492 2849 Hugenio,
509 2749 782 2822 'consentientibus
798 2753 993 2829 Geometris,
1018 2750 1108 2823 illam

114 2873 151 2921 ea
170 2851 346 2944 quantitate
366 2848 460 2920 statui
479 2872 542 2940 qua
566 2848 714 2943 scrupulo
732 2845 858 2918 horario
873 2846 1010 2918 secundo
1032 2872 1105 2918 cor-

116 2971 193 3044 pora
217 2970 273 3043 per
291 2945 383 3042 pedes
406 2943 584 3018 Parifienses
611 2950 708 3034 151²„
739 2943 809 3016 'five
829 2944 922 3040 pedes
950 2945 1107 3042 Anglicot

124 3057 166 3114 16
170 3067 227 3132 [ι.
253 3041 318 3114 hoc
335 3042 393 3123 est,
418 3043 512 3141 pedes
530 3040 667 3114 sedecim
683 3049 717 3112 &
736 3044 883 3137 pollicem
902 3039 991 3135 quast
1004 3067 1107 3113 unum

116 3138 335 3212 descendunt:
364 3163 418 3226 aut
438 3165 501 3235 qua
520 3136 608 3209 horae
628 3139 726 3233 spatio
751 3164 805 3235 per
829 3138 921 3234 pedes
948 3142 1107 3236 Anglicos

119 3236 360 3330 208.656.000.
386 3238 450 3311 hoc
471 3233 528 3317 est,
553 3236 784 3319 milliariorum.
799 3241 1015 3335 Anglicorum
1037 3235 1105 3307 sere

118 3388 323 3492 quadraginta
343 3394 441 3465 millia
459 3388 700 3463 descenderente
725 3392 775 3461 uti
795 3417 836 3464 ex
852 3390 965 3484 eodem
985 3391 1109 3464 calculo

121 3509 291 3582 corporum
307 3493 338 3561 in
358 3491 518 3587 duplicata
533 3490 685 3585 temporis
705 3489 825 3560 ratione
840 3485 1107 3562 descendentium

119 3583 208 3653 illico
223 3585 358 3657 constare
370 3591 501 3684 poterit.

170 3683 264 3751 LXI.
291 3688 474 3782 Corporum
490 3682 567 3754 sune
581 3680 793 3780 pendulorum
813 3685 932 3775 quibus
952 3679 1112 3755 resistitur-

121 3777 154 3847 in
174 3776 237 3873 ipsa
255 3778 357 3851 solum
386 3776 564 3854 velocitatis
589 3781 720 3860 ratione,
747 3781 953 3854 olcillationes
980 3785 1011 3850 in
1033 3783 1108 3875 Cy-

119 3873 238 3955 cloide,
265 3872 330 3947 five
349 3901 439 3951 arcus
457 3876 607 3976 descripti
635 3873 695 3949 fint
717 3875 849 3968 majores
874 3877 940 3950 sive
958 3879 1117 3962 minoret,

113 3969 187 4048 sunt
202 3973 325 4069 ubique
337 3973 534 4052 Isoclironae.
1022 3965 1152 4052 Q&
1180 4069 1187 4075 .,
