<?xml version="1.0" encoding="UTF-8"?>
<!DOCTYPE html PUBLIC "-//W3C//DTD XHTML 1.0 Transitional//EN"
    "http://www.w3.org/TR/xhtml1/DTD/xhtml1-transitional.dtd">
<html xmlns="http://www.w3.org/1999/xhtml" xml:lang="en" lang="en">
 <head>
  <title>
</title>
<meta http-equiv="Content-Type" content="text/html;charset=utf-8" />
  <meta name='ocr-system' content='tesseract 3.04.00' />
  <meta name='ocr-capabilities' content='ocr_page ocr_carea ocr_par ocr_line ocrx_word'/>
</head>
<body>
  <div class='ocr_page' id='page_1' title='image "./praelectionesph00whisgoog/praelectionesph00whisgoog_0091.png"; bbox 0 0 2438 4328; ppageno 0'>
   <div class='ocr_carea' id='block_1_1' title="bbox 190 204 876 306">
    <p class='ocr_par' dir='ltr' id='par_1_1' title="bbox 190 204 876 306">
     <span class='ocr_line' id='line_1_1' title="bbox 190 204 876 306; baseline 0.007 -35"><span class='ocrx_word' id='word_1_1' title='bbox 190 209 236 306; x_wconf 78' lang='lat'>84</span> <span class='ocrx_word' id='word_1_2' title='bbox 444 204 876 279; x_wconf 59' lang='lat' dir='ltr'>rraenrcrroivrr</span> 
     </span>
    </p>
   </div>
   <div class='ocr_carea' id='block_1_2' title="bbox 183 324 1190 1408">
    <p class='ocr_par' dir='ltr' id='par_1_2' title="bbox 183 324 1190 1408">
     <span class='ocr_line' id='line_1_2' title="bbox 190 324 1189 434; baseline 0.003 -26"><span class='ocrx_word' id='word_1_3' title='bbox 190 336 272 409; x_wconf 80' lang='lat' dir='ltr'>ratio&#39;</span> <span class='ocrx_word' id='word_1_4' title='bbox 296 335 362 409; x_wconf 81' lang='lat' dir='ltr'>five</span> <span class='ocrx_word' id='word_1_5' title='bbox 381 324 423 409; x_wconf 79' lang='lat' dir='ltr'>ad</span> <span class='ocrx_word' id='word_1_6' title='bbox 441 356 620 434; x_wconf 85' lang='lat' dir='ltr'>tangentem</span> <span class='ocrx_word' id='word_1_7' title='bbox 640 335 741 433; x_wconf 84' lang='lat' dir='ltr'>supra,</span> <span class='ocrx_word' id='word_1_8' title='bbox 768 334 833 408; x_wconf 82' lang='lat' dir='ltr'>sive</span> <span class='ocrx_word' id='word_1_9' title='bbox 852 332 891 407; x_wconf 86' lang='lat' dir='ltr'>ad</span> <span class='ocrx_word' id='word_1_10' title='bbox 906 335 1091 415; x_wconf 85' lang='lat' dir='ltr'>subtensam</span> <span class='ocrx_word' id='word_1_11' title='bbox 1107 343 1189 419; x_wconf 61' lang='lat' dir='ltr'>infin</span> 
     </span>
     <span class='ocr_line' id='line_1_3' title="bbox 190 429 1189 528; baseline -0.002 -25"><span class='ocrx_word' id='word_1_12' title='bbox 190 429 233 505; x_wconf 85' lang='lat' dir='ltr'>fit</span> <span class='ocrx_word' id='word_1_13' title='bbox 249 437 332 506; x_wconf 88' lang='lat' dir='ltr'>ratio</span> <span class='ocrx_word' id='word_1_14' title='bbox 352 435 551 528; x_wconf 65' lang='lat' dir='ltr'><strong>equalitatis.</strong></span> <span class='ocrx_word' id='word_1_15' title='bbox 603 437 733 505; x_wconf 79' lang='lat' dir='ltr'>Etenim</span> <span class='ocrx_word' id='word_1_16' title='bbox 755 459 796 504; x_wconf 90' lang='lat' dir='ltr'>ex</span> <span class='ocrx_word' id='word_1_17' title='bbox 821 455 929 506; x_wconf 86' lang='lat' dir='ltr'>natura</span> <span class='ocrx_word' id='word_1_18' title='bbox 950 460 1134 515; x_wconf 81' lang='lat' dir='ltr'>curvarum</span> <span class='ocrx_word' id='word_1_19' title='bbox 1150 446 1189 516; x_wconf 65' lang='grc' dir='ltr'>[ᾗ.</span> 
     </span>
     <span class='ocr_line' id='line_1_4' title="bbox 189 530 1190 627; baseline 0.011 -25"><span class='ocrx_word' id='word_1_20' title='bbox 189 552 270 624; x_wconf 87' lang='lat' dir='ltr'>quet</span> <span class='ocrx_word' id='word_1_21' title='bbox 289 555 418 603; x_wconf 90' lang='lat' dir='ltr'>omnem</span> <span class='ocrx_word' id='word_1_22' title='bbox 437 533 518 601; x_wconf 90' lang='lat' dir='ltr'>inter</span> <span class='ocrx_word' id='word_1_23' title='bbox 544 551 722 627; x_wconf 85' lang='lat' dir='ltr'>tangentem</span> <span class='ocrx_word' id='word_1_24' title='bbox 748 537 782 601; x_wconf 74' lang='grc' dir='ltr'>δι</span> <span class='ocrx_word' id='word_1_25' title='bbox 811 530 985 605; x_wconf 85' lang='lat' dir='ltr'>subtensam</span> <span class='ocrx_word' id='word_1_26' title='bbox 1008 560 1112 611; x_wconf 84' lang='lat' dir='ltr'>arcus</span> <span class='ocrx_word' id='word_1_27' title='bbox 1131 564 1190 613; x_wconf 89' lang='lat' dir='ltr'>cu·</span> 
     </span>
     <span class='ocr_line' id='line_1_5' title="bbox 186 624 1187 719; baseline 0.008 -20"><span class='ocrx_word' id='word_1_28' title='bbox 186 625 287 719; x_wconf 83' lang='lat' dir='ltr'>jusvis</span> <span class='ocrx_word' id='word_1_29' title='bbox 307 624 521 700; x_wconf 86' lang='lat' dir='ltr'>differentiam</span> <span class='ocrx_word' id='word_1_30' title='bbox 541 629 627 698; x_wconf 87' lang='lat' dir='ltr'>alon</span> <span class='ocrx_word' id='word_1_31' title='bbox 652 625 776 699; x_wconf 90' lang='lat' dir='ltr'>itudine</span> <span class='ocrx_word' id='word_1_32' title='bbox 792 653 883 699; x_wconf 87' lang='lat' dir='ltr'>arcus</span> <span class='ocrx_word' id='word_1_33' title='bbox 894 630 1084 707; x_wconf 87' lang='lat' dir='ltr'>intermedii</span> <span class='ocrx_word' id='word_1_34' title='bbox 1095 639 1187 719; x_wconf 84' lang='lat' dir='ltr'>oriri,</span> 
     </span>
     <span class='ocr_line' id='line_1_6' title="bbox 188 722 1187 822; baseline 0.006 -28"><span class='ocrx_word' id='word_1_35' title='bbox 188 730 224 794; x_wconf 75' lang='grc' dir='ltr'>δι</span> <span class='ocrx_word' id='word_1_36' title='bbox 238 748 280 794; x_wconf 87' lang='lat' dir='ltr'>eo</span> <span class='ocrx_word' id='word_1_37' title='bbox 294 722 414 822; x_wconf 91' lang='lat' dir='ltr'>semper</span> <span class='ocrx_word' id='word_1_38' title='bbox 423 724 575 814; x_wconf 86' lang='lat' dir='ltr'>majorem</span> <span class='ocrx_word' id='word_1_39' title='bbox 594 750 611 795; x_wconf 91' lang='lat' dir='ltr'>e</span> <span class='ocrx_word' id='word_1_40' title='bbox 638 722 895 806; x_wconf 85' lang='lat' dir='ltr'>edifferentiam‚</span> <span class='ocrx_word' id='word_1_41' title='bbox 915 751 984 820; x_wconf 91' lang='lat' dir='ltr'>quo</span> <span class='ocrx_word' id='word_1_42' title='bbox 1003 753 1102 804; x_wconf 84' lang='lat' dir='ltr'>arcus</span> <span class='ocrx_word' id='word_1_43' title='bbox 1120 760 1187 807; x_wconf 74' lang='lat' dir='ltr'>ma·</span> 
     </span>
     <span class='ocr_line' id='line_1_7' title="bbox 185 819 1184 938; baseline 0.012 -49"><span class='ocrx_word' id='word_1_44' title='bbox 185 819 238 913; x_wconf 86' lang='lat' dir='ltr'>jor</span> <span class='ocrx_word' id='word_1_45' title='bbox 252 825 421 919; x_wconf 78' lang='lat' dir='ltr'>accipitur,</span> <span class='ocrx_word' id='word_1_46' title='bbox 445 847 484 892; x_wconf 90' lang='lat' dir='ltr'>eo</span> <span class='ocrx_word' id='word_1_47' title='bbox 501 824 657 892; x_wconf 86' lang='lat' dir='ltr'>minorem</span> <span class='ocrx_word' id='word_1_48' title='bbox 677 847 745 914; x_wconf 93' lang='lat' dir='ltr'>quo</span> <span class='ocrx_word' id='word_1_49' title='bbox 767 847 857 893; x_wconf 87' lang='lat' dir='ltr'>arcus</span> <span class='ocrx_word' id='word_1_50' title='bbox 873 825 979 934; x_wconf 79' lang='lat' dir='ltr'>minor</span> <span class='ocrx_word' id='word_1_51' title='bbox 1002 830 1184 938; x_wconf 72' lang='lat' dir='ltr'>accipitur3</span> 
     </span>
     <span class='ocr_line' id='line_1_8' title="bbox 186 912 1184 1021; baseline 0.008 -35"><span class='ocrx_word' id='word_1_52' title='bbox 186 912 275 987; x_wconf 65' lang='lat' dir='ltr'>unde·</span> <span class='ocrx_word' id='word_1_53' title='bbox 295 915 437 1013; x_wconf 83' lang='lat' dir='ltr'>sequitur</span> <span class='ocrx_word' id='word_1_54' title='bbox 455 915 546 1012; x_wconf 92' lang='lat' dir='ltr'>quod</span> <span class='ocrx_word' id='word_1_55' title='bbox 565 921 598 990; x_wconf 93' lang='lat' dir='ltr'>in</span> <span class='ocrx_word' id='word_1_56' title='bbox 618 944 694 990; x_wconf 88' lang='lat' dir='ltr'>arcu</span> <span class='ocrx_word' id='word_1_57' title='bbox 718 944 814 1012; x_wconf 86' lang='lat' dir='ltr'>quam</span> <span class='ocrx_word' id='word_1_58' title='bbox 836 944 971 992; x_wconf 78' lang='lat' dir='ltr'>minimo</span> <span class='ocrx_word' id='word_1_59' title='bbox 994 944 1064 995; x_wconf 89' lang='lat' dir='ltr'>errt</span> <span class='ocrx_word' id='word_1_60' title='bbox 1086 950 1184 1021; x_wconf 79' lang='lat' dir='ltr'>quam</span> 
     </span>
     <span class='ocr_line' id='line_1_9' title="bbox 184 1014 1181 1115; baseline 0.002 -29"><span class='ocrx_word' id='word_1_61' title='bbox 184 1014 317 1088; x_wconf 89' lang='lat' dir='ltr'>minima</span> <span class='ocrx_word' id='word_1_62' title='bbox 340 1014 531 1096; x_wconf 84' lang='lat' dir='ltr'>differentia,</span> <span class='ocrx_word' id='word_1_63' title='bbox 557 1024 591 1087; x_wconf 87' lang='lat'>&amp;</span> <span class='ocrx_word' id='word_1_64' title='bbox 615 1017 646 1087; x_wconf 91' lang='lat' dir='ltr'>in</span> <span class='ocrx_word' id='word_1_65' title='bbox 670 1040 745 1086; x_wconf 89' lang='lat' dir='ltr'>arcu</span> <span class='ocrx_word' id='word_1_66' title='bbox 768 1014 890 1087; x_wconf 85' lang='lat' dir='ltr'>infinite</span> <span class='ocrx_word' id='word_1_67' title='bbox 909 1041 1021 1114; x_wconf 87' lang='lat' dir='ltr'>parvo,</span> <span class='ocrx_word' id='word_1_68' title='bbox 1051 1026 1181 1115; x_wconf 78' lang='lat' dir='ltr'>qiulem</span> 
     </span>
     <span class='ocr_line' id='line_1_10' title="bbox 184 1110 1180 1218; baseline 0.008 -37"><span class='ocrx_word' id='word_1_69' title='bbox 184 1133 269 1183; x_wconf 90' lang='lat' dir='ltr'>nunc</span> <span class='ocrx_word' id='word_1_70' title='bbox 282 1115 444 1193; x_wconf 84' lang='lat' dir='ltr'>volumus,</span> <span class='ocrx_word' id='word_1_71' title='bbox 468 1116 529 1187; x_wconf 88' lang='lat' dir='ltr'>erit</span> <span class='ocrx_word' id='word_1_72' title='bbox 539 1110 720 1185; x_wconf 84' lang='lat' dir='ltr'>differentia</span> <span class='ocrx_word' id='word_1_73' title='bbox 732 1111 854 1218; x_wconf 83' lang='lat' dir='ltr'>infinite</span> <span class='ocrx_word' id='word_1_74' title='bbox 874 1136 980 1210; x_wconf 85' lang='lat' dir='ltr'>parva,</span> <span class='ocrx_word' id='word_1_75' title='bbox 998 1112 1071 1188; x_wconf 87' lang='lat' dir='ltr'>five</span> <span class='ocrx_word' id='word_1_76' title='bbox 1083 1125 1180 1198; x_wconf 76' lang='lat' dir='ltr'>nulla.</span> 
     </span>
     <span class='ocr_line' id='line_1_11' title="bbox 184 1206 1181 1327; baseline 0.006 -48"><span class='ocrx_word' id='word_1_77' title='bbox 184 1211 232 1279; x_wconf 86' lang='lat' dir='ltr'>Et</span> <span class='ocrx_word' id='word_1_78' title='bbox 245 1206 269 1278; x_wconf 81' lang='lat' dir='ltr'>st</span> <span class='ocrx_word' id='word_1_79' title='bbox 281 1209 461 1284; x_wconf 88' lang='lat' dir='ltr'>differentia</span> <span class='ocrx_word' id='word_1_80' title='bbox 480 1214 560 1283; x_wconf 90' lang='lat' dir='ltr'>inter</span> <span class='ocrx_word' id='word_1_81' title='bbox 582 1231 761 1309; x_wconf 84' lang='lat' dir='ltr'>tangentem</span> <span class='ocrx_word' id='word_1_82' title='bbox 781 1218 815 1280; x_wconf 89' lang='lat'>&amp;</span> <span class='ocrx_word' id='word_1_83' title='bbox 830 1209 1003 1282; x_wconf 83' lang='lat' dir='ltr'>lubrensam</span> <span class='ocrx_word' id='word_1_84' title='bbox 1020 1208 1067 1286; x_wconf 85' lang='lat' dir='ltr'>fit</span> <span class='ocrx_word' id='word_1_85' title='bbox 1084 1221 1181 1327; x_wconf 64' lang='lat' dir='ltr'>nulla,</span> 
     </span>
     <span class='ocr_line' id='line_1_12' title="bbox 183 1307 1179 1408; baseline -0.001 -32"><span class='ocrx_word' id='word_1_86' title='bbox 183 1307 290 1380; x_wconf 87' lang='lat' dir='ltr'>multo</span> <span class='ocrx_word' id='word_1_87' title='bbox 305 1312 406 1408; x_wconf 83' lang='lat' dir='ltr'>magis</span> <span class='ocrx_word' id='word_1_88' title='bbox 426 1311 510 1381; x_wconf 86' lang='lat' dir='ltr'>nulla</span> <span class='ocrx_word' id='word_1_89' title='bbox 522 1310 584 1380; x_wconf 91' lang='lat' dir='ltr'>erit</span> <span class='ocrx_word' id='word_1_90' title='bbox 599 1310 681 1380; x_wconf 89' lang='lat' dir='ltr'>inter</span> <span class='ocrx_word' id='word_1_91' title='bbox 696 1328 876 1405; x_wconf 87' lang='lat' dir='ltr'>tangentem</span> <span class='ocrx_word' id='word_1_92' title='bbox 892 1315 925 1378; x_wconf 85' lang='lat'>&amp;</span> <span class='ocrx_word' id='word_1_93' title='bbox 946 1333 1065 1382; x_wconf 89' lang='lat' dir='ltr'>arcum</span> <span class='ocrx_word' id='word_1_94' title='bbox 1085 1336 1179 1390; x_wconf 82' lang='lat' dir='ltr'>inter.</span> 
     </span>
    </p>
   </div>
   <div class='ocr_carea' id='block_1_3' title="bbox 176 2937 1213 3145">
    <p class='ocr_par' dir='ltr' id='par_1_3' title="bbox 176 2937 1213 3145">
     <span class='ocr_line' id='line_1_13' title="bbox 607 2937 643 3003; baseline 0.028 -39"><span class='ocrx_word' id='word_1_95' title='bbox 607 2937 643 3003; x_wconf 61' lang='lat' dir='ltr'>G.</span> 
     </span>
     <span class='ocr_line' id='line_1_14' title="bbox 176 3024 1213 3145; baseline 0.037 -40"><span class='ocrx_word' id='word_1_96' title='bbox 176 3024 335 3124; x_wconf 78' lang='lat' dir='ltr'>medium,</span> <span class='ocrx_word' id='word_1_97' title='bbox 376 3044 443 3120; x_wconf 86' lang='lat' dir='ltr'>five</span> <span class='ocrx_word' id='word_1_98' title='bbox 464 3051 547 3121; x_wconf 91' lang='lat' dir='ltr'>inter</span> <span class='ocrx_word' id='word_1_99' title='bbox 566 3051 741 3130; x_wconf 87' lang='lat' dir='ltr'>subtensam</span> <span class='ocrx_word' id='word_1_100' title='bbox 761 3068 795 3133; x_wconf 72' lang='grc' dir='ltr'>δε</span> <span class='ocrx_word' id='word_1_101' title='bbox 815 3088 924 3136; x_wconf 85' lang='lat' dir='ltr'>arcum</span> <span class='ocrx_word' id='word_1_102' title='bbox 943 3067 1173 3145; x_wconf 85' lang='lat' dir='ltr'>intermedium</span> <span class='ocrx_word' id='word_1_103' title='bbox 1206 3116 1213 3143; x_wconf 63' lang='lat'><em>0</em></span> 
     </span>
    </p>
   </div>
   <div class='ocr_carea' id='block_1_4' title="bbox 93 3131 1215 3343">
    <p class='ocr_par' dir='ltr' id='par_1_4' title="bbox 93 3131 1215 3343">
     <span class='ocr_line' id='line_1_15' title="bbox 93 3131 1210 3269; baseline 0.03 -62"><span class='ocrx_word' id='word_1_104' title='bbox 93 3197 98 3207; x_wconf 92' lang='lat'><em>.</em></span> <span class='ocrx_word' id='word_1_105' title='bbox 174 3131 367 3222; x_wconf 86' lang='lat' dir='ltr'>differentia,</span> <span class='ocrx_word' id='word_1_106' title='bbox 394 3171 470 3218; x_wconf 91' lang='lat' dir='ltr'>cum</span> <span class='ocrx_word' id='word_1_107' title='bbox 485 3173 574 3239; x_wconf 82' lang='lat' dir='ltr'>arcus</span> <span class='ocrx_word' id='word_1_108' title='bbox 591 3149 648 3224; x_wconf 91' lang='lat' dir='ltr'>iste</span> <span class='ocrx_word' id='word_1_109' title='bbox 665 3152 705 3227; x_wconf 87' lang='lat' dir='ltr'>srt</span> <span class='ocrx_word' id='word_1_110' title='bbox 720 3158 929 3252; x_wconf 82' lang='lat' dir='ltr'>longitudinis</span> <span class='ocrx_word' id='word_1_111' title='bbox 946 3165 1030 3235; x_wconf 90' lang='lat' dir='ltr'>inter</span> <span class='ocrx_word' id='word_1_112' title='bbox 1040 3188 1171 3269; x_wconf 81' lang='lat' dir='ltr'>tangen-</span> <span class='ocrx_word' id='word_1_113' title='bbox 1206 3180 1210 3201; x_wconf 91' lang='lat'>&#39;</span> 
     </span>
     <span class='ocr_line' id='line_1_16' title="bbox 176 3238 1215 3343; baseline 0.036 -40"><span class='ocrx_word' id='word_1_114' title='bbox 176 3253 245 3305; x_wconf 92' lang='lat' dir='ltr'>tem</span> <span class='ocrx_word' id='word_1_115' title='bbox 263 3241 298 3306; x_wconf 86' lang='lat'>&amp;</span> <span class='ocrx_word' id='word_1_116' title='bbox 313 3238 485 3317; x_wconf 86' lang='lat' dir='ltr'>subtensam</span> <span class='ocrx_word' id='word_1_117' title='bbox 498 3247 618 3343; x_wconf 91' lang='lat' dir='ltr'>ubique</span> <span class='ocrx_word' id='word_1_118' title='bbox 632 3253 837 3329; x_wconf 80' lang='lat' dir='ltr'>intermedia.</span> <span class='ocrx_word' id='word_1_119' title='bbox 886 3264 933 3332; x_wconf 88' lang='lat' dir='ltr'>Et</span> <span class='ocrx_word' id='word_1_120' title='bbox 945 3256 1027 3333; x_wconf 88' lang='lat' dir='ltr'>hanc</span> <span class='ocrx_word' id='word_1_121' title='bbox 1039 3264 1169 3339; x_wconf 89' lang='lat' dir='ltr'>subten-</span> <span class='ocrx_word' id='word_1_122' title='bbox 1212 3332 1215 3339; x_wconf 77' lang='grc'><strong><em>,</em></strong></span> 
     </span>
    </p>
   </div>
   <div class='ocr_carea' id='block_1_5' title="bbox 171 3330 1168 3752">
    <p class='ocr_par' dir='ltr' id='par_1_5' title="bbox 171 3330 1168 3752">
     <span class='ocr_line' id='line_1_17' title="bbox 174 3330 1168 3446; baseline 0.039 -47"><span class='ocrx_word' id='word_1_123' title='bbox 174 3330 292 3414; x_wconf 88' lang='lat' dir='ltr'>sarum,</span> <span class='ocrx_word' id='word_1_124' title='bbox 318 3362 466 3423; x_wconf 70' lang='lat' dir='ltr'>arcuum,r</span> <span class='ocrx_word' id='word_1_125' title='bbox 480 3351 514 3415; x_wconf 86' lang='lat'>&amp;</span> <span class='ocrx_word' id='word_1_126' title='bbox 526 3353 735 3441; x_wconf 85' lang='lat' dir='ltr'>tangentium,</span> <span class='ocrx_word' id='word_1_127' title='bbox 749 3358 870 3446; x_wconf 90' lang='lat' dir='ltr'>quin&amp;</span> <span class='ocrx_word' id='word_1_128' title='bbox 880 3355 1005 3430; x_wconf 81' lang='lat' dir='ltr'>finuum</span> <span class='ocrx_word' id='word_1_129' title='bbox 1014 3363 1168 3436; x_wconf 84' lang='lat' dir='ltr'>minimo-</span> 
     </span>
     <span class='ocr_line' id='line_1_18' title="bbox 172 3439 1168 3558; baseline 0.035 -58"><span class='ocrx_word' id='word_1_130' title='bbox 172 3455 250 3502; x_wconf 88' lang='lat' dir='ltr'>rum</span> <span class='ocrx_word' id='word_1_131' title='bbox 271 3439 484 3526; x_wconf 83' lang='lat' dir='ltr'>aequalitatem</span> <span class='ocrx_word' id='word_1_132' title='bbox 503 3447 605 3516; x_wconf 83' lang='lat' dir='ltr'>omnis</span> <span class='ocrx_word' id='word_1_133' title='bbox 631 3451 879 3525; x_wconf 78' lang='lat' dir='ltr'>Geometrarum</span> <span class='ocrx_word' id='word_1_134' title='bbox 911 3477 984 3528; x_wconf 87' lang='lat' dir='ltr'>aetas</span> <span class='ocrx_word' id='word_1_135' title='bbox 1002 3455 1168 3558; x_wconf 86' lang='lat' dir='ltr'>supposuit</span> 
     </span>
     <span class='ocr_line' id='line_1_19' title="bbox 174 3534 1165 3719; baseline 0.034 -122"><span class='ocrx_word' id='word_1_136' title='bbox 174 3534 210 3598; x_wconf 91' lang='lat'>&amp;</span> <span class='ocrx_word' id='word_1_137' title='bbox 230 3535 374 3626; x_wconf 87' lang='lat' dir='ltr'>agnovit,</span> <span class='ocrx_word' id='word_1_138' title='bbox 398 3536 480 3611; x_wconf 91' lang='lat' dir='ltr'>dum</span> <span class='ocrx_word' id='word_1_139' title='bbox 504 3555 675 3617; x_wconf 84' lang='lat' dir='ltr'>curvarum</span> <span class='ocrx_word' id='word_1_140' title='bbox 695 3545 872 3644; x_wconf 86' lang='lat' dir='ltr'>figurarum</span> <span class='ocrx_word' id='word_1_141' title='bbox 889 3556 1079 3719; x_wconf 76' lang='lat' dir='ltr'>perimetros</span> <span class='ocrx_word' id='word_1_142' title='bbox 1099 3579 1165 3630; x_wconf 86' lang='lat' dir='ltr'>tan·</span> 
     </span>
     <span class='ocr_line' id='line_1_20' title="bbox 171 3633 1167 3752; baseline 0.032 -56"><span class='ocrx_word' id='word_1_143' title='bbox 171 3649 272 3716; x_wconf 72' lang='lat' dir='ltr'>vquarn</span> <span class='ocrx_word' id='word_1_144' title='bbox 292 3633 532 3732; x_wconf 89' lang='lat' dir='ltr'>polygonorum</span> <span class='ocrx_word' id='word_1_145' title='bbox 554 3641 650 3713; x_wconf 89' lang='lat' dir='ltr'>latera</span> <span class='ocrx_word' id='word_1_146' title='bbox 669 3645 840 3728; x_wconf 89' lang='lat' dir='ltr'>innumera,</span> <span class='ocrx_word' id='word_1_147' title='bbox 867 3675 888 3720; x_wconf 93' lang='lat' dir='ltr'>u</span> <span class='ocrx_word' id='word_1_148' title='bbox 912 3651 932 3721; x_wconf 92' lang='lat' dir='ltr'>i.</span> <span class='ocrx_word' id='word_1_149' title='bbox 949 3651 1109 3752; x_wconf 85' lang='lat' dir='ltr'>inscriptae</span> <span class='ocrx_word' id='word_1_150' title='bbox 1134 3663 1167 3728; x_wconf 88' lang='lat'>&amp;</span> 
     </span>
    </p>
   </div>
   <div class='ocr_carea' id='block_1_6' title="bbox 173 3725 1166 3920">
    <p class='ocr_par' dir='ltr' id='par_1_6' title="bbox 173 3725 1166 3920">
     <span class='ocr_line' id='line_1_21' title="bbox 175 3725 1166 3832; baseline 0.03 -38"><span class='ocrx_word' id='word_1_151' title='bbox 175 3725 434 3829; x_wconf 74' lang='lat' dir='ltr'>circunscripta</span> <span class='ocrx_word' id='word_1_152' title='bbox 450 3731 581 3832; x_wconf 85' lang='lat' dir='ltr'>figura,</span> <span class='ocrx_word' id='word_1_153' title='bbox 607 3741 806 3817; x_wconf 82' lang='lat' dir='ltr'>evanescente</span> <span class='ocrx_word' id='word_1_154' title='bbox 825 3743 1025 3830; x_wconf 84' lang='lat' dir='ltr'>differentia,</span> <span class='ocrx_word' id='word_1_155' title='bbox 1051 3751 1166 3825; x_wconf 88' lang='lat' dir='ltr'>coales-</span> 
     </span>
     <span class='ocr_line' id='line_1_22' title="bbox 173 3827 932 3920; baseline 0.032 -26"><span class='ocrx_word' id='word_1_156' title='bbox 173 3843 293 3905; x_wconf 86' lang='lat' dir='ltr'>cerent,</span> <span class='ocrx_word' id='word_1_157' title='bbox 319 3827 567 3920; x_wconf 76' lang='lat' dir='ltr'>confideruune.</span> <span class='ocrx_word' id='word_1_158' title='bbox 929 3884 932 3888; x_wconf 39' lang='lat'><em>‡</em></span> 
     </span>
    </p>
   </div>
   <div class='ocr_carea' id='block_1_7' title="bbox 1056 3947 1163 4050">
    <p class='ocr_par' dir='ltr' id='par_1_7' title="bbox 1056 3947 1163 4050">
     <span class='ocr_line' id='line_1_23' title="bbox 1056 3947 1163 4050; baseline 0.009 -22"><span class='ocrx_word' id='word_1_159' title='bbox 1056 3947 1163 4050; x_wconf 56' lang='lat' dir='ltr'>ferolt</span> 
     </span>
    </p>
   </div>
   <div class='ocr_carea' id='block_1_8' title="bbox 0 0 1224 4328">
    <p class='ocr_par' dir='ltr' id='par_1_8' title="bbox 0 0 1224 4328">
     <span class='ocr_line' id='line_1_24' title="bbox 0 0 1224 4328; baseline 0 3"><span class='ocrx_word' id='word_1_160' title='bbox 0 0 1224 4328; x_wconf 95' lang='lat' dir='ltr'> </span> 
     </span>
    </p>
   </div>
  </div>
 </body>
</html>
