2438 4328
107 123 172 216 32⁶
379 90 815 180 PMLECTIONES

108 241 282 317 caudarum
294 240 388 341 pnrlo
400 262 482 321 ante,
508 239 675 331 irrmajore
689 240 865 341 vicinitate
882 238 988 313 Sulis.
1015 240 1103 341 Crpu
1129 265 1132 269 ·

111 348 262 414 Cometae
298 341 402 417 noris,
426 338 518 427 juxta
531 336 805 411 observationesC
849 340 911 419 ati,
939 340 1099 412 Decem.

108 440 212 530 majus
227 363 397 509 vilebatur
409 432 502 507 stellis
523 438 635 532 primae
648 439 794 533 magnitu
821 438 900 516 inis,
931 440 972 507 δι
985 436 1097 510 neten

116 551 168 609 16.
183 535 262 630 (jarn
275 536 306 607 in
319 535 462 631 Perigaeo
475 530 625 617 existens)
636 530 861 635 magnitudine
875 532 1097 632 parum‚[pln

112 632 192 707 dore
212 633 265 703 scu
276 632 416 702 claritate
434 631 563 703 luminis
580 630 758 729 plurimum
777 628 969 702 defecerat.
1020 654 1097 727 πῃ.

114 728 270 828 Keplerus
287 724 328 797 de
345 728 445 825 capite
461 728 598 805 incerto
617 726 714 798 finem
727 726 806 801 fecit
817 726 948 800 observ
1020 730 1040 799 ⁶.
1052 732 1097 801 Die

119 854 160 899 12
175 822 286 897 men‘fis
299 826 384 895 Dec.
398 823 601 921 confpeerum
618 832 651 896 δι
665 822 892 898 lFlamstedio
906 826 1099 901 observatum

118 922 166 995 r'st
183 942 279 1018 caput
297 926 446 993 comete
469 921 662 1018 posterioris,
687 924 720 993 in
738 921 891 996 distantia
908 928 1040 995 novem
1055 950 1103 1024 gn·
1124 946 1130 981 ι

115 1020 196 1092 dum
217 1022 233 1090 l
251 1019 342 1100 Solc;
370 1016 405 1106 id
432 1016 523 1112 quod
552 1017 648 1091 stellae
673 1023 778 1093 tertie
804 986 1132 1119 magnitudnuvnl
1161 1091 1164 1095 .

116 1113 434 1189 'concellum-fuisset.
484 1118 622 1189 Decem.
645 1139 682 1207 15
704 1122 740 1189 ἃ
757 1119 971 1215 17appnruit
989 1118 1104 1191 idemut

117 1213 317 1286 stellatcrtiae
335 1206 573 1313 magnitudinis,
598 1211 795 1287 diminutum
812 1217 937 1308 utique
959 1213 1106 1313 splendore

117 1306 271 1382 Nubium
284 1311 376 1402 juxta
392 1312 495 1382 Solem
512 1308 726 1383 occidentem.
774 1314 919 1384 Decem.
945 1322 1009 1385 26.
1037 1316 1107 1385 velo
1141 1318 1144 1323 ’

117 1406 238 1480 tillonc
257 1409 377 1487 motus,
410 1409 506 1501 inque
533 1410 678 1509 Perigaeo
702 1406 949 1506 propemodum
978 1409 1109 1492 existen

96 1503 250 1577 ‘cedebat
266 1508 317 1577 ori
334 1502 455 1602 Pogon,
482 1506 586 1576 Stellae
600 1507 703 1576 tertiae
715 1503 970 1613 ruffinitudinis.
1008 1514 1078 1613 Jan.
1090 1536 1110 1605 ς.

118 1603 282 1699 apparebat
299 1624 337 1674 ut
361 1603 455 1673 Stella
478 1623 612 1695 quarte,
642 1606 712 1703 Jan.
728 1628 763 1690 9.
796 1623 835 1676 ut
858 1604 965 1677 Stella
984 1608 1111 1701 quinte,

119 1704 263 1800 Jan.13.
289 1697 368 1770 obs
382 1696 544 1770 lendorem
564 1704 664 1770 Lunae
686 1698 848 1772 crescentis
862 1696 1078 1808 disparuir.J
1108 1755 1114 1772 .

119 1818 172 1888 25.
197 1800 256 1870 vix
272 1723 416 1890 requassat
436 1797 543 1887 Stellas
559 1794 785 1893 magnitudinis
800 1797 963 1893 septime.
1021 1801 1057 1871 Si
1076 1799 1093 1870 s
1106 1843 1116 1855 ·

117 1915 244 1967 mantur
258 1895 389 1987 aequalia
414 1894 432 1963 l
461 1895 606 1990 Perigaeo
632 1890 707 1964 hinc
737 1890 809 1965 inde
831 1915 999 2004 tempora,
1028 1899 1118 2063 “fin

118 2012 194 2080 que
219 1990 416 2085 temporibus
437 1990 497 2060 illis
525 1991 556 2059 in
584 1991 765 2088 longinquis
785 1990 978 2087 regionibus
1073 2017 1117 2072 ru,

120 2084 165 2154 ob
185 2086 318 2178 aequales
333 2082 467 2155 {Terra
486 2083 659 2166 distantias,
685 2086 848 2179 aequaliter
859 2089 976 2160 lucere
1024 2089 1118 2162 'ebull-
1159 2040 1166 2175 i

125 2180 203 2257 sent,
217 2183 248 2251 in
255 2181 346 2278 plaga
358 2181 438 2252 Solis
452 2183 589 2251 maxime
603 2181 795 2278 splenduere,
820 2206 860 2254 ex
872 2184 976 2256 altera
986 2192 1034 2257 Pe
1056 2188 1064 2202 '
1109 2187 1119 2255 i

120 2277 212 2444 Sarte
226 2290 391 2353 evanuere.
442 2278 550 2390 Igitur
564 2300 604 2349 ex
619 2302 730 2377 magna
745 2280 824 2352 lucis
840 2282 871 2350 in
891 2211 1118 2377 utroquffin

147 2372 300 2445 ifferentia
319 2372 525 2447 concluditur
541 2400 652 2474 magna
665 2378 744 2448 Solis
758 2383 791 2447 ἃ
802 2381 956 2449 Cometae
969 2381 1119 2455 vicinitas

123 2471 156 2542 in
175 2468 239 2543 litu
253 2472 370 2569 priore.
420 2477 508 2544 Nam
524 2474 582 2544 lux
599 2481 808 2545 Cometorum
822 2475 980 2570 regularis
997 2473 1064 2549 efl'e
1076 2476 1120 2548 so-

122 2568 178 2648 let,
204 2575 238 2640 &
253 2571 389 2641 maxima
410 2590 426 2639 a
448 2592 553 2667 parere
573 2570 630 2642 ubi
653 2573 755 2666 capita
773 2566 973 2642 velocilllrne
988 2598 1123 2646 moven-

121 2686 187 2746 tur,
212 2685 308 2759 atque
322 2665 401 2737 adeo
416 2592 487 2738 AEnt
504 2668 536 2737 in
552 2669 720 2766 Perigaeis3
746 2664 805 2738 nisr
824 2687 985 2761 quatenus
1007 2694 1047 2743 ea
1061 2694 1121 2742 ma·

121 2761 172 2853 'sor
190 2760 236 2833 est
255 2762 288 2835 ln
304 2763 422 2834 vicinia
438 2764 528 2834 Solis.

134 2870 145 2889 ⁴
159 2861 273 3025 Ηῧονυὶί.
294 2866 363 2949 (1.)
392 2857 561 2957 splendent
577 2860 677 2958 igitur
697 2866 847 2934 Cometae
871 2861 944 2933 luce
960 2864 1049 2954 Solis
1065 2864 1121 2936 lle

120 2976 156 3027 re
182 2978 253 3026 exa.

167 3055 275 3121 'Coroll
294 3058 363 3142 (2.)
393 3056 448 3127 Ex
460 3052 556 3126 diois
576 3055 671 3127 etiam
685 3055 874 3155 intelligitur
888 3079 948 3128 cur
966 3059 1123 3147 Cometae

123 3166 286 3245 tantopere
310 3148 511 3243 freqnentant
529 3154 690 3251 regionem
718 3154 808 3224 Solis.
858 3154 893 3223 Si
911 3177 1123 3227 cernerentur

125 3249 158 3317 in
171 3246 353 3343 regionibus
367 3248 460 3345 longe
477 3251 561 3320 ultra
581 3254 749 3323 Saturnum
772 3247 923 3321 deberent
936 3250 1054 3348 lupius
1069 3276 1122 3351 ap·

124 3342 229 3439 parere
250 3346 282 3416 in
302 3336 442 3442 partibus
459 3347 524 3417 Soli
546 3342 709 3442 oppofitiu
758 3350 872 3417 Forent
898 3346 986 3418 enim
1004 3351 1121 3421 Terrae

127 3440 296 3513 viciniores
313 3443 373 3534 qui
391 3443 422 3513 in
442 3439 491 3514 his
505 3442 645 3541 partibus
662 3442 867 3522 versarentur,
893 3449 928 3513 δε
947 3445 1005 3514 Sol
1019 3447 1124 3519 inter·

128 3535 248 3634 politus
261 3537 441 3626 obscuraret
460 3562 599 3612 caeteros.
648 3544 774 3612 Verum
788 3534 1004 3638 percurrendo
1017 3540 1125 3617 bisto-

127 3634 187 3704 rias
203 3638 416 3708 Cometarum
441 3638 544 3735 reperi
563 3632 657 3730 quod
679 3636 860 3734 quadruplo
878 3640 931 3709 vel
947 3640 1128 3739 quintuplo

127 3732 233 3831 plures
249 3728 371 3809 detecti
387 3722 459 3829 sunt
471 3735 503 3809 in
515 3730 758 3834 Hemisphaerio
773 3736 880 3807 Solem
893 3733 1014 3827 uersus,
1030 3762 1133 3837 quam
