2438 4328
177 206 225 278 σε·
454 201 885 288 ΡΜΒΕσΤΙοΝΕΒ

179 345 288 436 itaque
304 341 431 440 planum
444 365 500 439 per
519 346 608 412 OM
620 343 701 415 illud
724 370 742 414 a
766 325 835 438 ‹iuo
861 367 996 442 mipora
1013 339 1178 442 sphoerica¹

181 447 221 511 A
232 442 266 511 &
280 446 306 510 B
323 443 355 512 in
375 440 496 537 puncto
514 440 681 512 concursus
700 463 885 539 tangentum
914 449 948 513 &
960 462 1071 513 motus
1081 439 1173 511 obli-

180 541 240 634 qui
255 562 310 636 per
321 536 500 633 diagonales
516 542 587 604 ΑΕ
610 544 643 608 &
659 544 719 607 ΒΕ
743 542 893 632 utrinque
906 541 937 611 in
951 539 1040 610 binos
1052 535 1172 610 distin-

179 656 333 734 guentur,
353 639 425 701 ΑΕ
437 635 590 703 nimirum
608 636 640 705 in
660 642 733 706 AG
758 645 791 707 &
811 643 894 712 Ac,
920 641 1029 706 &BE
1049 637 1083 706 in
1102 636 1185 703 ΒΟ·

180 740 215 804 &
233 738 312 811 BD,
328 754 468 822 quorum
482 751 631 802 motuum
652 734 740 804 alteri
759 740 832 803 AG
852 739 885 803 &
902 736 965 802 ΒΟ
983 733 1036 803 vel
1057 736 1118 801 ΟΕ
1134 735 1171 800 &

182 837 212 901 E
219 835 255 898 D
275 827 346 898 sunt
358 829 450 923 plano
462 827 609 899 occursus
621 826 902 925 perpendiculares,
927 829 1047 922 quibus
1058 829 1170 920 itaque

181 924 251 996 solis
264 945 414 1018 tanquam
427 922 547 996 directe
562 923 621 997 fibi
639 928 778 997 invicem
791 952 833 1023 op
879 923 942 996 litis
964 932 998 996 &
1018 927 1051 997 in
1067 945 1169 1021 partes

180 1020 303 1094 directe
317 1024 484 1094 contrarias
501 1029 603 1092 EC&
615 1031 644 1092 E
650 1030 685 1093 D
698 1023 837 1095 tendenti
861 1048 897 1093 us
905 1025 1006 1094 omnis
1012 1043 1171 1094 motuum

182 1121 321 1192 mutatio
345 1121 376 1190 in
401 1119 536 1190 occursu
555 1117 601 1190 est
621 1118 800 1201 referenda3
834 1121 924 1192 alteri
942 1145 1019 1190 vero
1043 1123 1170 1191 AC&

182 1223 260 1298 BD,
285 1218 337 1288 vel
357 1223 420 1286 GE
434 1223 468 1287 &
486 1220 553 1286 OE
565 1213 624 1287 fibi
637 1219 775 1288 invicem
788 1218 934 1314 paralleli,
961 1224 994 1288 Β(
1006 1216 1171 1312 ἰηριιοᾶο

181 1313 330 1386 occursus
342 1315 374 1384 in
388 1310 518 1384 eandem
528 1315 652 1409 penitus
670 1316 792 1412 plagam
804 1323 892 1386 EM
902 1311 1077 1394 tendentes,
1089 1310 1172 1384 adeo

182 1436 245 1484 non
271 1409 330 1482 fibi
350 1413 488 1483 invicem
507 1413 735 1483 contrariantur
759 1433 796 1482 ut
821 1413 927 1508 potius
947 1408 1070 1484 aneae
1092 1434 1170 1480 con·

98 1549 100 1554 ⁴
182 1509 295 1606 spirare
319 1504 378 1578 sant
404 1503 558 1585 censendi,
584 1529 679 1600 atque
697 1505 777 1579 adeo
800 1507 956 1582 retinendi
981 1508 1052 1579 lunt
1067 1503 1170 1578 iidem

182 1605 255 1704 post
265 1604 474 1678 reflexionem
495 1625 590 1697 atque
613 1627 711 1677 antea.
761 1613 867 1697 Qare
894 1602 934 1677 sit
960 1609 991 1675 E
998 1611 1022 1674 I
1039 1603 1172 1698 aequalis

183 1702 242 1803 ipfi
264 1711 340 1785 EG,
367 1709 400 1773 &
428 1709 516 1772 EM
539 1704 666 1795 aqualis
692 1700 749 1798 ipsi
776 1710 807 1772 E
815 1707 863 1785 03
892 1709 925 1773 Β(
952 1723 989 1773 ut
1015 1722 1171 1772 motuum

183 1802 421 1876 mutationesin
444 1821 544 1897 partes
566 1803 734 1871 contrarias
760 1798 866 1879 saetas,
892 1806 926 1870 &
948 1799 1040 1889 juxta
1055 1800 1171 1870 lineam

187 1908 250 1973 CD
272 1895 449 1995 dirigendas
471 1895 678 1976 aestimemus,
711 1898 870 1968 calculum
897 1897 1035 1967 ineamus
1059 1895 1172 1967 secun·

185 1995 267 2066 dum
292 2015 401 2065 motus
425 1994 529 2088 legem
549 1991 746 2089 vigesimam,
771 1993 863 2065 eCl.
879 1994 1036 2090 Hugenio
1054 2013 1175 2064 mutuo

186 2112 359 2185 acceptam.
410 2086 478 2158 Fiat
503 2090 611 2180 itaque
635 2110 671 2160 ut
693 2090 821 2162 Summa
837 2096 1024 2187 Corporum
1044 2096 1087 2160 A
1100 2096 1176 2160 &B

188 2211 277 2281 :4,
302 2183 342 2257 ad
364 2183 502 2279 duplum
523 2189 662 2281 corporis
683 2192 709 2255 Β
726 2222 765 2258 :
783 2213 815 2257 2.
849 2193 899 2258 Ita
920 2189 1059 2259 celeritas
1081 2212 1176 2258 acce-

187 2279 285 2354 dendi
302 2281 473 2379 respectiva
499 2289 561 2352 CD
588 2286 724 2379 partium
746 2308 807 2354 12:
835 2289 942 2375 (Nam
955 2285 1000 2355 ob
1016 2284 1176 2382 triangula

188 2380 300 2452 finilia
318 2386 426 2451 ΑΘΕ
447 2382 557 2459 ΒΟΕ,
590 2388 664 2450 AG
691 2375 756 2450 five
784 2388 854 2460 ΟΕ,
879 2378 989 2452 estad
1016 2384 1080 2451 ΒΟ
1105 2379 1174 2453 five

188 2485 219 2549 E
227 2483 273 2558 D,
298 2498 336 2551 ut
349 2484 424 2548 ΑΕ
442 2510 481 2546 :
504 2501 536 2556 2,
561 2473 600 2547 ad
616 2484 679 2547 ΕΒ
694 2511 735 2547 .-:
752 2503 808 2559 103
835 2499 930 2572 atque
945 2475 1024 2549 adeo
1042 2483 1117 2547 ΑΒ
1133 2490 1177 2570 4

188 2580 253 2648 ΕΒ
269 2609 311 2648 =
332 2585 391 2665 12)
413 2571 453 2646 ad
464 2570 639 2645 dimidium
651 2570 748 2671 ipsius
770 2574 833 2644 CD
850 2608 890 2645 ς
910 2579 968 2643 CF
985 2609 1027 2646 z
1041 2585 1075 2644 6.
1127 2578 1177 2645 Et

185 2669 366 2747 differentia
382 2673 464 2745 inter
477 2670 561 2744 hanc
577 2674 768 2743 celeritatem
789 2671 926 2766 partium
945 2680 979 2751 6,
1005 2678 1039 2740 &
1059 2672 1176 2742 celeri·

187 2793 285 2843 tatem
307 2773 447 2868 corporis
465 2778 504 2840 A
521 2790 589 2840 ante
607 2766 778 2865 impulsum
795 2770 931 2864 partium
948 2793 980 2846 2,
1000 2801 1041 2838 :z
1054 2793 1091 2863 4,
1113 2792 1174 2838 ex·

186 2865 312 2941 hibebit
332 2871 526 2941 celeritatem
542 2889 607 2956 qua
619 2889 732 2974 corpus
745 2871 782 2934 A
792 2862 862 2962 post
872 2862 1040 2936 occursum
1058 2889 1176 2936 move·

187 2960 295 3034 bitur:
322 2990 386 3058 qua
418 2964 576 3034 celeritate
604 2985 644 3031 ex
670 2981 790 3058 integra
816 2964 974 3032 celeritate
1001 2959 1177 3059 respeeliva

188 3080 258 3132 ante
276 3058 448 3131 occursum
463 3054 574 3135 ablata,
602 3081 640 3127 12
664 3103 699 3116 -
718 3085 743 3152 4
762 3092 803 3128 τ.
817 3059 850 3137 8,
875 3057 969 3131 restat
984 3060 1125 3156 corporis
1149 3065 1177 3128 B

186 3155 259 3255 post
277 3155 415 3228 eundem
439 3152 609 3226 occursum
628 3154 781 3225 celeritas.
832 3158 879 3226 Sit
899 3181 976 3254 ergo
999 3163 1030 3225 E
1040 3163 1088 3226 Ν
1101 3180 1174 3253 par·

187 3256 272 3326 tium
292 3281 328 3350 4,
354 3260 387 3324 &
402 3257 467 3343 ΕΒ
489 3252 627 3350 partium
650 3250 683 3330 8,
708 3257 741 3320 &
756 3249 902 3348 perfeclis
922 3255 1175 3351 parallelogram-

187 3353 247 3423 mis
259 3299 288 3420 Ε
293 3358 340 3420 Ν
338 3356 404 3419 HI
413 3356 447 3420 &
458 3356 488 3418 E
495 3355 565 3418 LK
566 3358 625 3429 M,
638 3346 808 3441 ductisque
820 3349 1036 3446 diagonalibus
1050 3353 1080 3418 Ε
1087 3353 1128 3420 H
1137 3355 1174 3420 ἃ

82 3495 84 3500 -
112 3491 113 3494 =
176 3453 261 3519 ἘΚ
267 3467 401 3542 corpora
413 3453 453 3517 A
460 3453 493 3516 &
507 3444 656 3517 Beodem
663 3467 805 3540 tempore
813 3470 880 3537 quo
888 3445 926 3517 ad
934 3447 1104 3519 occursum
1117 3469 1175 3542 per

188 3545 367 3644 diagonales
384 3551 456 3615 ΑΒ
480 3551 513 3615 &
536 3551 599 3614 ΒΕ
617 3546 704 3640 prius
727 3544 942 3639 properabant,
968 3542 1039 3640 post
1057 3568 1175 3615 occur·

178 3643 260 3716 ¹sum
282 3642 322 3714 ad
341 3643 458 3738 puncta
473 3647 517 3710 H
532 3648 565 3712 &
585 3647 621 3710 Κ
636 3655 690 3737 per
708 3639 886 3738 diagonales
899 3643 978 3709 ΕΗ
988 3647 1022 3725 Β(
1035 3648 1066 3710 E
1074 3645 1110 3708 I<
1123 3663 1176 3711 rc-

111 3754 114 3769 ·
188 3737 367 3841 grediendo
386 3740 570 3836 pervenient
577 3765 589 3820 3
624 3739 736 3809 &erit
754 3758 860 3809 motus
880 3741 1019 3832 corporis
1043 3743 1083 3807 A
1098 3763 1176 3834 :4

193 3852 276 3935 x'3,
299 3865 341 3910 :z
362 3861 400 3909 ra
422 3838 581 3936 partiuma
607 3841 641 3908 &
657 3856 764 3908 mettas
782 3835 923 3933 corporis
939 3840 965 3904 Β
983 3870 1024 3910 z
1048 3833 1072 3905 8-
1093 3853 1124 3922 ><
1142 3857 1176 4002 ιε,
