2438 4328
266 165 951 238 rarifluo-MATHEMATIM.
1033 188 1103 270 317¹

126 337 132 345 -
164 295 289 390 Caroli(
294 303 341 379 t.)
358 281 458 366 'Cum
470 295 584 389 igitur,
608 313 645 364 tit
656 291 909 390 priuauidimus,
935 295 1103 391 Virtusq-
1186 379 1188 383 Α

112 395 155 467 lis·
168 417 281 488 aquam
305 388 347 464 ad
367 390 567 464 altitudinem
591 388 733 477 duorum
752 387 962 463 ferel'edum
982 392 1104 466 elevare

113 490 260 570 debeant,
286 491 381 563 Vires
391 494 491 562 Lunae
507 487 602 585 paulo
619 484 785 583 plusquam
798 487 929 583 secuplae
946 489 1104 585 Solarium

115 584 293 682 ,aquamad
313 586 521 660 altitudinem
536 580 656 682 pedum
684 607 737 655 η.
752 585 882 655 'elevare
902 582 1044 663 debent:
1070 591 1106 656 δε

107 688 209 765 :Vires
226 686 412 756 Lunares&
433 684 551 762 Solares
565 679 763 772 conjunctim
777 681 808 751 in
821 679 965 778 syiygiis
977 682 1108 769 undem

113 779 155 855 ad
168 778 264 878 pedes
295 803 347 876 14,
370 781 404 859 ,in
429 775 631 873 quadraturis
650 776 690 849 ad
717 773 899 875 pedes-102
920 780 1103 869 elevabunt.

115 882 224 951 Tanta
240 898 347 974 autem
360 878 408 949 vis
427 873 468 947 ad
485 897 592 945 omnes
608 876 702 947 maris
720 895 828 949 motus
841 876 1032 985 expitando's
1047 870 1103 971 ὡς

119 972 203 1049 unde
237 973 382 1056 sufficit3
417 978 452 1045 &
479 991 630 1043 motuum
654 973 826 1065 quantitati
867 975 933 1044 rius
958 973 1104 1057 definite

116 1066 216 1172 probe
235 1068 401 1167 respondet
412 1096 423 1151 3
452 1074 486 1139 &
510 1089 575 1140 tarn
598 1064 697 1164 prob'e
722 997 941 1165 respondindo
967 1062 1104 1151 esitium

117 1167 240 1243 causam
256 1169 341 1239 reue
353 1165 413 1238 hic·
420 1161 600 1263 assignatam
612 1159 673 1236 else
687 1165 775 1261 plane
790 1165 970 1260 confirmat.
1037 1240 1042 1251 ,
1085 1158 1094 1195 ²

167 1293 267 1362 Coroll.
287 1293 357 1382 (2.)
386 1293 476 1360 Cum
495 1290 544 1360 vis
563 1292 665 1360 Lunae
690 1284 730 1359 ad
751 1288 1105 1365 maremoveiidunisit

116 1389 158 1463 ad
176 1384 244 1461 vim
261 1389 440 1484 gravitatis‚·
462 1410 503 1456 ex
515 1385 603 1482 prius
616 1382 846 1463 demonstratis,
871 1392 995 1458 tantum
1016 1408 1056 1460 ut
1071 1413 1103 1470 it,

120 1487 161 1559 ad
183 1507 258 1580 ως
270 1481 386 1567 1.821;
412 1480 613 1580 perspicuum
633 1480 679 1553 est
698 1479 934 1597 quodvisilh
953 1481 993 1555 sit
1010 1483 1105 1584 louge

118 1640 223 1713 minor
242 1663 339 1734 quam
352 1659 425 1730 quae
445 1634 497 1705 vel
509 1633 541 1704 in
553 1634 792 1800 Eriperimeptis¹
804 1614 1106 1737 Pendulorumil'v'e'l

117 1739 149 1809 in
171 1737 307 1815 Staticis,
333 1754 387 1805 aut
407 1727 648 1829 Hydrostaticis
661 1756 720 1825 qui
745 1729 907 1821 uscunque
918 1726 1024 1808 sentiri
1035 1724 1106 1829 pos-

110 1831 171 1904 sit.
219 1839 258 1905 In
272 1829 351 1904 aestu
367 1829 491 1903 marino
506 1825 573 1933 solo
594 1823 665 1899 liaec
685 1829 734 1899 vis
756 1824 931 1901 senfibilem
947 1825 1104 1939 εξῖςᾶωἰι

117 1930 210 2005 edere
223 1926 338 2028 potest.
415 1972 417 1977 ·

169 2043 271 2113 corula
291 2057 360 2142 (ς.)
389 2048 550 2141 Quoniam
582 2049 642 2120 Vis
668 2052 770 2120 Lunai
796 2042 836 2129 ad
863 2069 949 2118 mare
972 2070 1106 2133 moveuv

113 2132 212 2217 ‘duma
237 2139 283 2213 est
301 2140 341 2215 ad
362 2147 440 2216 Solis
455 2147 523 2216 vim
540 2143 736 2217 consimilem
758 2165 797 2216 ut
813 2145 854 2234 6}
883 2143 924 2216 ad
943 2170 978 2226 13
1006 2150 1041 2215 δι
1053 2146 1105 2217 vi·

117 2254 164 2301 res
180 2233 242 2306 illae
267 2237 339 2314 sunt
362 2261 399 2311 ut
421 2238 588 2314 densitates
615 2265 798 2339 corporum,
827 2239 892 2312 sive
916 2243 1107 2335 quantitates

117 2333 259 2402 materiae
276 2338 390 2426 aequali
408 2335 507 2433 spatio
535 2360 704 2417 contentae,
730 2345 764 2409 &
785 2358 833 2409 ut·
847 2338 924 2409 cubi
943 2335 1106 2411 distantia·

117 2449 193 2497 runi
212 2426 276 2501 sive
296 2431 525 2505 diametrorum
549 2434 763 2524 conjunffim:
790 2432 851 2531 ipsa
868 2437 953 2505 enim
974 2458 1107 2531 corpora

117 2545 209 2615 aeque
229 2524 320 2599 densa
334 2529 404 2602 sunt
422 2553 460 2603 ut
474 2530 552 2603 cubi
570 2530 801 2604 diametrorum
812 2555 959 2602 verarum
970 2530 1106 2613 dieue,

120 2616 160 2698 ad
178 2619 308 2695 eandem
326 2650 437 2724 nempe
452 2625 651 2700 distantiama
677 2633 712 2698 δι
731 2630 812 2698 vires
828 2629 979 2699 mottices
992 2624 1106 2699 inhoc

118 2714 190 2787 casu
208 2717 279 2792 sunt
292 2725 388 2799 etiam
400 2746 438 2797 ut
452 2724 529 2798 cubi
544 2723 762 2799 distantiarum
780 2727 955 2822 reciproce,
980 2722 1056 2796 sive-
1067 2745 1106 2797 ut

117 2813 347 2892 diametrorum
360 2824 575 2918 apparentium
585 2823 662 2895 cubi
674 2820 795 2896 diredle
800 2847 812 2905 ς
833 2843 930 2914 atque
942 2819 1022 2893 adeo
1033 2845 1115 2918 pera-

120 2908 194 2982 inde
211 2912 258 2986 est
272 2913 338 2988 sive
354 2921 409 2991 Sol
429 2921 558 3016 propius
581 2918 621 2992 lit
644 2917 710 2991 sive
732 2921 896 2998 remotius,
921 2915 988 2988 sive
1002 2917 1104 3008 major

121 3007 161 3083 sit
173 3005 238 3084 sive
251 3015 366 3096 minor,
390 3013 491 3088 modo
502 3014 657 3095 diameter
675 3039 820 3112 apparens
835 3037 921 3087 certa
934 3013 974 3087 sit
993 3041 1030 3088 ac
1042 3014 1105 3087 de·
1180 3096 1189 3108 ,

112 3109 296 3183 terminata.
346 3114 420 3186 Erit
435 3115 543 3206 itaque
562 3111 696 3187 densitas
718 3118 832 3192 Luna,
857 3110 896 3184 ad
915 3110 1104 3186 densitatem

121 3205 213 3284 Solis,
238 3205 440 3291 uteffesiusi
469 3207 535 3282 sive
550 3231 588 3281 ut
603 3212 660 3300 63,
685 3207 724 3281 ad
742 3235 778 3293 13
807 3206 1104 3283 &utenbusdia-

115 3307 239 3383 metria
262 3309 395 3400 parentis
414 3311 528 3386 Lunae,
553 3303 593 3378 ad
608 3307 743 3378 Cubum
765 3305 910 3378 diametri
931 3310 1104 3404 apparentis
1199 3396 1201 3401 Ι

118 3400 210 3489 Solis,
233 3328 297 3472 iot
311 3402 368 3484 esl,
394 3424 430 3475 ut
445 3405 483 3495 6}
510 3401 550 3478 ad
569 3430 605 3486 13
633 3411 668 3474 δι
685 3424 723 3475 ut
736 3428 819 3493 720,
834 3403 873 3475 ad
885 3414 953 3498 672
966 3403 1103 3495 conjun·
1196 3442 1200 3451 ·

114 3495 307 3590 eim-2:63
331 3519 443 3596 >(720
462 3497 502 3570 ad
525 3525 539 3571 1
563 3513 689 3596 >(672.
716 3499 781 3574 siue
799 3521 837 3572 ut
853 3529 896 3599 34
913 3500 954 3576 ad
976 3525 1006 3595 5.
1023 3501 1101 3591 sete,

118 3587 252 3691 densitas
266 3617 372 3667 autem
384 3599 461 3670 Solis
478 3595 524 3668 est
535 3594 576 3668 ad
586 3594 773 3679 densitatem
785 3602 913 3683 Terra,
937 3621 975 3672 ut
988 3598 1103 3693 round

112 3689 201 3784 387·
249 3693 324 3765 Erit
336 3694 444 3787 itaque
454 3691 588 3767 denfitas
597 3699 710 3779 Luna,
722 3692 959 3782 addensrtatem
974 3703 1102 3783 Terra,

120 3807 194 3893 unp
214 3785 255 3894 ad
273 3809 288 3881 5
305 3811 403 3883 quain
421 3793 597 3890 proxiniea
618 3788 884 3891 fiueseredupla
924 3793 984 3869 Est
1002 3796 1104 3890 igitur

164 3944 182 3963 -.
205 3956 211 3963 .
848 3959 853 3976 ,
987 3913 1102 3986 (οφῦῖ
1133 3946 1139 3959 .
