2438 4328
241 171 939 265 amuco-rumenam&
1037 196 1085 271 φ

160 302 257 370 Caroli
273 304 343 393 (ς.)
396 298 430 369 Si
449 321 563 395 corpus
582 299 614 369 in
634 319 728 370 motu
744 295 884 395 positum
905 299 1088 399 incorpora

107 395 195 494 plura
206 392 265 468 fibi
276 398 473 494 contigua&
491 390 682 490 quiescentia
692 398 843 476 incurrat,
867 399 974 469 omnia
981 399 1087 491 quiel·

110 514 181 573 cent
203 513 319 589 praeter
345 495 499 567 ultimum
511 520 523 575 ς
555 492 648 587 quod
672 495 748 591 pari,
773 494 897 584 majori,
929 497 1088 571 minorive

109 592 267 663 celeritate
279 613 356 662 cum
367 592 546 687 impellente
558 591 754 671 movebitur,
778 610 874 688 prout
885 592 1005 665 scilicet
1016 619 1089 666 cor·

108 713 166 786 pus
194 689 354 785 impellens
376 690 503 786 corpori
532 689 649 760 ultimo
673 685 712 761 fit
732 691 864 780 aquile,
890 688 1001 778 majus,
1025 693 1090 764 mi·

108 787 217 858 nusve.
267 785 351 857 Haec
370 786 531 858 corollaria
553 810 594 857 ex
617 784 676 857 hnc
696 787 766 883 lege
784 807 904 865 motus,
927 787 980 858 sua
997 785 1089 882 quali

109 883 216 981 sponte
232 879 427 976 sequuntur3
455 877 654 1051 neqproinde
665 884 816 986 peculiari
824 879 1090 958 demonstratione

109 979 286 1054 admodum
297 1006 378 1079 opus
395 978 456 1052 effe
470 982 503 1052 vi
527 1001 610 1051 etur.

163 1087 255 1175 (14.)
284 1081 318 1151 Si
337 1103 471 1174 corpora
481 1074 551 1149 duo
565 1075 698 1170 aequalia
716 1075 855 1172 perfecie
867 1076 991 1150 elnstica
1012 1080 1090 1151 inat·

82 1240 85 1249 .
111 1179 202 1269 quali
217 1176 376 1248 celeritate
393 1179 453 1249 lata
468 1175 497 1246 se
517 1196 633 1248 mutuo
651 1175 821 1269 impellant,
848 1170 915 1248 five
939 1178 972 1248 in
987 1197 1090 1274 partes
1121 1257 1124 1260 Α

114 1271 251 1353 easdem,
278 1271 344 1346 five
360 1276 391 1344 in
400 1275 567 1345 contrarias
576 1269 717 1352 tendant,
742 1269 815 1369 post
825 1275 1010 1345 contactum
1018 1297 1090 1368 pen-

112 1375 242 1443 mutatis
260 1371 398 1443 invicem
416 1370 626 1453 celeritatibus
636 1369 789 1442 ferentur.
840 1370 1010 1442 Nimirum
1021 1367 1045 1441 st
1058 1371 1091 1442 in

112 1486 214 1565 partes
230 1465 353 1539 easdem
370 1464 508 1546 tendant,
532 1466 660 1564 dempta
670 1469 820 1562 utrinque
839 1467 997 1540 celeritate
1009 1469 1093 1542 utri·

115 1589 180 1658 que
205 1566 380 1646 communi,
403 1566 599 1656 relinquetur
614 1565 675 1638 sola
692 1567 890 1637 celeritatum
900 1562 1092 1646 differentia,

116 1683 265 1755 tanquam
286 1665 379 1734 unica
401 1662 585 1734 mutationis
607 1662 813 1734 inconflietu
827 1659 917 1733 causa
929 1688 940 1743 ;
968 1669 1002 1734 &
1015 1688 1093 1735 cum

116 1780 157 1830 ex
170 1762 239 1857 lege
251 1758 352 1857 priori
364 1763 466 1832 omnis
482 1757 538 1830 ista
553 1760 703 1831 velocitas
717 1756 850 1829 tardiori
863 1760 1094 1831 connnnnicari

114 1855 239 1939 debeat,
264 1856 406 1952 sequitur
416 1854 509 1950 quod
528 1862 562 1927 δε
580 1878 695 1953 corpus
707 1857 882 1952 impingens
891 1852 1020 1927 excelsu
1032 1853 1095 1927 isso

117 1951 156 2026 fit
172 1953 342 2044 necessario
352 1951 565 2034 multandum,
591 1960 625 2024 &
642 1976 756 2050 corpus
768 1950 888 2024 tardius
897 1972 1025 2026 motum
1037 1977 1095 2024 et*

117 2049 235 2124 cessum
248 2051 344 2125 istum
356 2049 395 2124 sit
408 2052 625 2132 lucraturum
652 2048 716 2120 hoc
729 2047 786 2130 est,
797 2045 864 2121 aliis
871 2047 1007 2143 quidem
1022 2074 1095 2123 ven·

116 2140 164 2218 bis
178 2148 230 2223 sed
240 2149 354 2223 eodem
366 2147 463 2230 sensu,
487 2149 628 2243 sequitur
645 2144 738 2240 quod
748 2145 1013 2258 posttontactum
1025 2171 1097 2246 pec·

118 2248 247 2317 mutatis
262 2248 400 2319 invicem
416 2246 625 2318 celeritatibus
636 2263 759 2317 moveri
778 2242 924 2317 debeant.
975 2246 1096 2339 Neque

120 2335 205 2412 Haec
223 2343 293 2414 Lex
310 2346 414 2415 multo
434 2346 523 2415 aliter
538 2345 571 2415 in
590 2341 661 2414 casu
674 2339 825 2423 secundo,
844 2341 1045 2440 ubitnrport
1063 2342 1097 2415 in

119 2451 224 2536 partes
245 2438 389 2519 diversae
401 2443 477 2520 lata,
507 2433 623 2511 &fibi
648 2441 802 2511 contrarie
823 2440 1014 2511 incurrentia
1037 2463 1096 2537 po-

118 2556 267 2618 nuntur3
300 2535 347 2608 est
366 2533 614 2632 demonſtranda.
671 2532 813 2634 Dempta
836 2537 921 2610 enim
948 2535 1097 2629 utrinque

101 2635 289 2707 *velocitate
306 2633 436 2727 utrique
465 2635 640 2714 communi,
663 2657 736 2726 qua
762 2631 833 2730 post
856 2632 1046 2705 conflictum
1066 2634 1099 2705 in

120 2747 220 2828 partes
237 2728 405 2820 contrarias
422 2729 542 2810 tendet,
568 2736 603 2801 δε
629 2731 832 2802 velocitatem
850 2729 1016 2821 utriusque
1034 2731 1105 2824 pri·-

121 2845 211 2901 orem
223 2828 289 2901 non
297 2829 456 2908 mutabitt·
472 2823 613 2908 restabit,
638 2849 675 2898 ut
687 2831 785 2925 prius,
809 2828 988 2899 velocitatis
1001 2823 1099 2898 diffe-

120 2928 230 3006 rentia,
254 2944 402 3020 tanquam
417 2926 510 2997 unica
526 2917 685 2999 mutandae
702 2927 879 2998 velocitatis
890 2921 1002 2997 causale
1025 2945 1099 3018 qut

122 3016 229 3117 itaque
242 3021 334 3114 juxta
345 3027 448 3122 legem
459 3026 596 3122 priorem
611 3023 844 3095 avelociorein
861 3019 984 3094 tardius
998 3021 1030 3093 in
1051 3025 1099 3095 in-

120 3131 248 3217 tegrum
259 3120 480 3193 transfereturt
507 3119 591 3194 unde
601 3139 639 3193 ut
650 3119 747 3217 prius,
764 3119 912 3213 sequetur
925 3142 1055 3215 corpora
1066 3142 1102 3189 c·

121 3219 276 3289 tiamnum
292 3213 363 3315 post
388 3220 570 3297 contactum
592 3219 776 3314 permutatis
797 3216 1008 3289 celeritatibus
1031 3239 1102 3313 per·

119 3334 195 3412 gere
210 3314 338 3393 debere.
947 3350 950 3355 ·

175 3418 267 3504 (15.)
301 3419 428 3508 Corpus
455 3408 676 3507 quodcunque
697 3410 873 3506 quamlibet
895 3418 1060 3507 magnum,
1085 3437 1103 3481 t

122 3526 317 3603 quocunque
337 3530 467 3605 corpore
484 3510 659 3604 quamlibet
679 3512 813 3608 exiguo,
838 3509 1105 3676 &qualicunque

124 3606 280 3681 celeritate
297 3609 609 3704 inpallomnvetur.
658 3611 742 3680 Hac
764 3612 834 3679 Lex
850 3601 1023 3679 motutest
1050 3620 1105 3679 ane

124 3698 248 3777 axioma
261 3727 320 3804 per
338 3704 375 3781 le
395 3704 607 3787 manifestum,
637 3730 695 3779 nec
723 3702 997 3779 demonstrationis
1022 3701 1106 3778 indi·

104 3822 210 3898 ‚genn
263 3824 269 3837 ²

606 3903 638 3972 F.
708 3874 711 3879 Ι
901 3902 927 3981 ·(
933 3842 1107 3984 16.·)Q'uo·
1214 3960 1217 3966 .
