2438 4328
206 180 262 256 Dr
279 177 596 256 ferrumve
620 175 907 284 {alermum
974 188 1047 292 ‘377

10 327 28 376 ι
58 310 126 385 bita
144 309 233 388 hunc
261 308 413 387 circulum
437 312 480 387 ita
508 311 548 387 ad
571 316 706 416 reliquos
727 317 881 417 adaptare,
918 342 954 395 ut
972 321 1048 397 dato

10 428 29 475 ι
59 410 175 506 quovis
194 434 287 493 anno,
311 409 375 486 five
397 412 552 508 preterito
570 411 635 487 five
660 414 780 493 sumto,
804 417 938 490 Initium
953 423 1048 493 Arie-

10 526 28 603 μ
57 507 101 580 tis
121 505 185 581 sive
208 509 459 605 AEquinosiium
486 530 630 594 vernum,
664 508 813 609 signaque
840 516 945 586 omnia
971 539 1047 590 cum

21 628 29 675 r
57 603 205 702 gradibus
223 607 283 678 suis
304 605 342 677 ad
362 627 415 678 eos
435 608 557 703 praecise
576 608 649 681 anni
662 611 782 708 Juliani
801 608 867 682 dies
890 612 1048 709 applicen-

10 731 26 779 ι
57 720 122 780 mr,
157 704 275 798 quibus
307 726 408 775 revera
439 724 479 774 eo
510 722 648 802 ternpore
679 726 849 805 congruere
886 710 1045 781 novimus.

10 814 29 871 ar
56 799 107 891 (ι
116 800 134 889 j
156 799 329 880 Nmabieis,
360 797 608 873 Fundamentum
631 803 759 876 altemm
775 804 1047 898 comparationum

17 912 29 980 j
59 892 351 968 Astronomicarum
368 897 441 968 aevis
453 894 517 969 five
528 896 632 997 clapsis
643 900 730 976 olim,
756 897 822 971 five
839 900 917 972 olim
933 898 1050 975 firturit

10 1027 28 1074 α
59 987 277 1068 destinatarum
298 994 331 1064 in
352 997 452 1064 Anno
475 994 596 1091 Juliano
619 994 728 1068 diebus
756 1004 846 1091 {⁶52¹
869 994 1049 1081 constante,

10 1105 29 1174 i
57 1083 173 1188 semper
187 1092 281 1188 poni:
306 1110 399 1184 atque
418 1089 494 1163 adeo
507 1091 633 1190 Organi
646 1090 744 1164 nostri
758 1090 996 1166 fundamentum
1010 1114 1048 1188 ut

10 1228 24 1276 ε
56 1182 92 1259 in
105 1186 211 1260 eadem
226 1189 298 1260 anni
311 1186 410 1259 forma
423 1210 555 1284 ponatur
565 1186 611 1261 est
623 1188 696 1262 ssne'
704 1187 870 1261 necessum.
919 1197 1046 1264 Paretur

13 1298 25 1371 ᾗ
57 1283 165 1382 itaque
181 1287 312 1357 circulus
328 1287 416 1366 latus,
434 1281 499 1356 sive
514 1287 656 1369 annulus,
681 1302 817 1382 quantus
833 1310 849 1357 a
863 1284 1049 1361 mechanicis

10 1395 26 1472 ’,ξ
58 1383 154 1479 parari
183 1380 350 1454 commode
368 1380 470 1479 potest
489 1383 657 1464 maximus,
694 1381 783 1474 cujus
805 1381 975 1480 superficiei
995 1386 1048 1456 in·

10 1494 26 1572 ,j
56 1479 204 1553 scribatur
215 1480 361 1553 circulus
371 1479 503 1575 partium
515 1481 680 1575 aquulium
695 1489 774 1574 365,
797 1479 968 1554 secundum
985 1505 1048 1555 nu·

10 1602 25 1669 ,;
58 1599 180 1648 merum
195 1575 317 1649 dierum
334 1576 368 1648 in
388 1578 647 1742 annopulian03
687 1573 832 1673 appositis
847 1577 938 1647 etiarn
958 1600 1049 1651 men·

10 1694 24 1766 ,ᾗ
59 1673 141 1747 fium
163 1673 359 1772 Juliannrum
383 1695 457 1745 cum
492 1672 540 1745 uis
557 1672 707 1770 cujusque
725 1670 832 1745 diebus
856 1672 1048 1747 nominibus.

10 1818 22 1864 n
60 1773 153 1868 (3·)
180 1770 340 1845 Notabitis
360 1771 488 1844 tertium
510 1767 619 1844 harum
642 1769 915 1867 computationum
936 1767 1051 1842 fianda-

10 1918 20 1964 p
59 1889 203 1941 mentum
226 1865 285 1940 csse
303 1867 385 1940 Solis
402 1866 565 1944 circulum,
589 1864 654 1940 save
669 1865 776 1963 potius
791 1864 929 1940 Telluris
948 1867 1051 1964 Ellip-

10 2012 18 2058 :5
59 1962 120 2037 srn.
166 1969 296 2038 Notum
315 1965 400 2037 enim
416 1961 462 2036 est
481 1965 560 2037 Solis
582 1984 708 2036 motum
725 1983 916 2062 apparentem
935 1965 1050 2038 Tellu-

10 2087 16 2137 ι
57 2062 208 2135 rirevera
238 2081 430 2158 competeree
460 2083 598 2157 eumque
619 2060 753 2133 orbitam
776 2084 842 2132 non
869 2060 1050 2142 circularem

10 2146 15 2256 j
59 2156 113 2231 sed
130 2157 295 2256 ellipticam
306 2157 472 2253 quotannis
486 2156 673 2233 describere:
693 2155 803 2230 eodem
817 2178 918 2230 tamen
937 2180 982 2231 res
999 2179 1051 2230 re·

10 2312 11 2317 ,
60 2251 141 2328 cidit
176 2279 251 2327 curn
282 2276 406 2350 propter
434 2256 603 2330 incolatum
624 2251 766 2328 nostrum
800 2255 834 2326 in
862 2255 976 2327 telluris
999 2255 1052 2328 su·

60 2349 186 2448 perficit
200 2350 301 2447 ipsum
318 2351 446 2434 telluris,
468 2350 543 2424 sedis
559 2351 701 2449 propria,
724 2371 849 2435 motum
867 2352 1051 2447 neutiquam

59 2445 171 2519 sentire
185 2443 225 2525 sat
243 2443 431 2531 concessum,
471 2445 497 2518 sa
518 2469 643 2522 motum
657 2470 793 2520 annuum
819 2443 936 2520 in‘iroc
957 2471 1051 2545 orga-

61 2565 107 2616 no
123 2541 306 2619 delineando
330 2545 396 2618 Soli
423 2566 595 2641 competere
619 2543 790 2618 etiamnum
816 2541 1024 2641 supponamus
1038 2569 1058 2616 a>
1183 2637 1184 2640 Ἴ

87 2639 152 2712 uod
169 2640 261 2712 etiam
280 2637 385 2716 usibus
405 2638 619 2719 astronomicis
639 2640 703 2712 hoc
723 2640 847 2712 inloto
869 2663 1052 2712 accommo-

60 2663 163 2810 datius
186 2736 352 2812 censemus.
413 2743 537 2813 Paretur
565 2761 641 2837 ergo
666 2736 773 2810 tertius
805 2736 951 2817 circulus,
985 2733 1052 2809 sive

60 2833 203 2914 annulus,
246 2838 282 2904 &
301 2854 339 2908 ut
363 2855 469 2909 motus
490 2835 524 2906 in
551 2837 599 2909 elli
624 2832 648 2905 fi
671 2832 889 2921 convolutioni
911 2833 1052 2926 circulati

60 2929 191 3003 minime
209 2928 334 3013 idonea,
356 2930 404 3006 ad
430 2932 582 3004 circulum
599 2858 688 3004 dunc
710 2928 878 3027 adaptetur,
911 2928 967 3001 frat
986 2929 1052 3025 pri·

61 3048 153 3099 mum
174 3030 298 3102 occulta
316 3024 443 3127 Eilipsis
462 3026 527 3100 save
551 3024 728 3122 cujusmodi
742 3049 779 3100 ut
800 3023 939 3123 posthaec
958 3022 1053 3098 deleri

104 3120 169 3206 ssu,
196 3145 229 3197 ea
252 3124 378 3221 praecise
402 3122 500 3220 specie
522 3130 557 3204 &
579 3123 805 3199 eccentricinte
828 3147 891 3219 qua
916 3122 1056 3196 orbitam'

98 3217 197 3292 elluris
210 3222 387 3320 Ellipticam
401 3222 460 3294 rite
483 3221 600 3294 referat.
645 3223 738 3293 Tum
759 3219 792 3293 in
807 3215 975 3316 peripheria
990 3220 1051 3291 Ei-

59 3313 166 3410 liptica
187 3338 336 3394 notentur
359 3318 475 3416 punda
495 3340 602 3392 motus
622 3317 702 3389 Solis
744 3313 832 3389 radus
860 3324 928 3410 360
959 3319 995 3386 δι
1011 3312 1051 3386 ab

60 3406 166 3507 apside
182 3409 299 3488 summa
319 3411 358 3487 ad
384 3414 510 3488 eandem
537 3414 650 3488 iterum
672 3340 807 3510 apsidem
831 3409 981 3485 summam
1003 3433 1052 3485 re·

62 3507 229 3582 vertentisr
260 3509 350 3609 quod
378 3511 434 3585 fret
451 3529 688 3680 pratepropter
711 3506 736 3580 sr
758 3528 882 3583 motum
906 3508 972 3601 ejus
996 3531 1059 3603 ans

61 3605 197 3702 gulrrcm
215 3607 302 3679 circa·
317 3607 427 3682 focum
465 3609 635 3707 uperinrem
657 3601 819 3704 equabilenr
838 3602 1048 3679 aestimemuse

61 3702 182 3775 tantillo
199 3704 282 3775 enim
301 3703 340 3775 ab
357 3702 413 3777 ista
430 3706 637 3803 aequabilitate
654 3700 781 3785 recedit,
804 3722 841 3777 ut
854 3702 888 3773 in
910 3698 967 3773 irae
983 3721 1052 3795 par·

62 3795 222 3905 patellipii
253 3797 428 3901 differentia
456 3803 514 3878 vix
529 3847 531 3850 ι
544 3821 665 3971 mee
703 3798 760 3894 via
788 3797 918 3903 quidem
944 3792 1053 3967 evasdat

73 3904 79 3913 '
648 3919 667 3973 c
699 3918 719 3973 a
843 3904 847 3913 '
999 3912 1055 3968 tn·
