2438 4328
142 91 226 185 ,p
409 70 859 181 ennarrationes

145 227 203 305 Ex
218 220 278 321 hac
301 242 409 295 autem
435 220 593 297 methodo
611 223 671 293 rite
696 219 854 303 intellecta
873 221 1006 311 omnino
1018 219 1139 314 liquet,

146 317 278 417 stellam,
304 322 396 394 verbi
407 323 520 419 gratia,
546 321 684 417 polarem
696 318 798 415 apolo
809 314 936 397 mundi,
949 314 1015 390 sive
1028 318 1142 412 aequa·

147 420 225 511 toris
247 421 354 491 Boreo
371 420 455 490 circa
476 415 647 490 solstitium
670 413 819 490 aestivum
839 437 937 508 quam
957 416 1042 487 circa
1054 413 1143 512 hye-

147 518 229 596 male
238 513 352 589 distare
363 517 462 615 magis
474 542 485 598 ;
513 514 613 610 idque
627 512 726 611 spatio
740 510 916 586 admodum
927 510 1079 593 sensibili,
1091 517 1143 585 ni·

146 617 269 708 mirum
296 635 373 711 40⁰
401 635 455 685 aut
479 635 567 708 45⁰·
618 610 720 686 Unde
742 608 907 683 concludit
931 608 1105 696 Flarnstedi

147 717 182 789 δι
209 709 279 801 dari
303 734 412 782 revera
435 713 575 822 Telluris
597 731 726 820 motum
745 733 885 820 annuum
906 709 990 793 circa
1016 683 1139 820 Solem,

145 806 461 1003 te,
474 801 1142 1002 ruraralzelrrlllgrlzrren

145 1001 201 1074 hrt
217 1003 414 1099 Gregoriusl
442 1008 536 1076 Num
559 1025 650 1102 negat
664 1003 792 1074 Stellam
806 1027 836 1074 e.
850 1027 885 1099 g·
951 1003 1050 1079 larem
1072 1027 1143 1072 ma·

146 1101 195 1197 git
213 1099 231 1188 ᾇ
251 1101 330 1188 Polo
349 1100 474 1191 Mundi
494 1105 601 1174 Boreo
624 1099 739 1174 distare
757 1101 843 1171 circa
863 1024 1033 1183 solffitium
1054 1097 1140 1189 aelli·

148 1222 228 1289 vum
242 1220 340 1291 quam
363 1197 528 1271 brumale}
557 1198 698 1273 Minime
713 1196 792 1268 sane.
844 1201 938 1270 Num
959 1197 1139 1268 AxitTel·

147 1295 224 1371 luris
240 1295 455 1368 Nutationem
476 1299 559 1369 illam
575 1296 794 1399 perexiguam,
819 1317 884 1387 qua
901 1292 1137 1389 inclinationem

146 1394 303 1488 ecliptica
323 1398 357 1462 &
371 1396 540 1486 aequatoris
554 1391 594 1466 ad
606 1391 734 1489 solstitia
749 1391 862 1465 minui,
888 1387 928 1460 ad
943 1390 1139 1482 aquinollia

147 1491 258 1586 augeri
277 1513 354 1558 cum
382 1488 574 1563 Flamstedio
600 1490 759 1589 supponit,
785 1485 1039 1569 hallucinationis
1060 1513 1140 1561 cau·

146 1585 208 1672 sam
221 1585 391 1681 opinatur}
410 1592 639 1683 Nequaquam.
667 1581 1022 1661 Ostenderatnimirum
1030 1586 1138 1658 Flam·

145 1679 264 1759 stedius
276 1679 358 1754 hanc
375 1688 587 1758 Nutationem
600 1684 805 1784 perexiguam
819 1680 1008 1767 confirmare
1027 1684 1141 1779 potius

386 1808 483 1878 quam
502 1783 660 1856 infirmare
683 1780 865 1853 sententiam
893 1777 993 1851 suam.
1042 1779 1140 1870 Quid

181 1897 244 1965 rag.
267 1902 335 1967 ης.
387 1906 464 1980 ergo
485 1880 546 1953 sibi
568 1882 640 1952 vult
663 1881 727 1951 Vir
745 1873 967 1950 Dostillimus.
1015 1889 1041 1923 “
1058 1880 1138 1949 Me·

389 1993 414 2028 “
426 1975 545 2049 thodus
557 1975 640 2056 haec,
666 1977 771 2070 inquit
790 1975 855 2054 ille,
880 1971 955 2063 fixae
967 1973 1136 2071 parallaxin

146 2089 171 2123 “
183 2072 415 2146 determinandi
428 2075 576 2172 supponit
595 2075 736 2145 Telluris
751 2097 842 2144 axem
862 2069 922 2144 stbi
941 2066 1135 2143 exastiffime

145 2186 169 2221 ‘⁶
181 2167 243 2240 else
261 2173 469 2267 parallelum:
509 2195 585 2242 curn
607 2167 679 2240 haec
699 2173 730 2242 in
751 2166 903 2270 oppositis
926 2169 1051 2267 punelis
1070 2167 1135 2239 suae

145 2267 296 2377 “orbita
331 2266 472 2341 versatur
496 2264 624 2360 quando
650 2266 883 2339 observationes
915 2264 1135 2345 instituuntur.

145 2363 273 2474 Qrdnr
292 2364 456 2476 supponat,
481 2385 536 2436 aut
550 2362 754 2445 exallilsrme,
780 2362 1077 2478 autpropofitogsuo
1089 2363 1136 2436 sa·

145 2463 310 2651 rim
325 2460 1135 2657 sturemare

144 2584 337 2736 “diximus,
362 2658 574 2730 observationi
597 2654 832 2729 Flarnstedianae
853 2657 986 2729 minime
1006 2652 1134 2734 obstet,

142 2767 167 2827 ‘.‘
180 2757 255 2829 Alia
276 2778 382 2857 tamen
399 2753 524 2827 aliunde
551 2775 619 2826 orta
642 2756 785 2833 Nutatio
806 2773 907 2825 totam
934 2750 1016 2825 ha'nc
1037 2749 1137 2839 stella

142 2865 166 2929 “.
176 2855 325 2950 polaris&
342 2856 419 2950 polo
438 2851 594 2925 distantiae
615 2849 832 2923 diversitatem
851 2848 1025 2947 producere
1040 2871 1136 2949 pote·

143 2952 235 3023 “rit.
286 2953 320 3022 si
339 2952 494 3023 nimirum
518 2945 741 3048 haemisphaerii
761 2970 853 3020 terrae
877 2926 1015 3037 anshalis
1034 2949 1137 3047 paulo

142 3059 167 3117 ‘.‘
179 3047 282 3139 major
310 3044 350 3119 fit
368 3044 502 3121 dens1tas
528 3070 626 3139 quam
651 3042 875 3143 haemisphaerii
901 3043 1034 3121 borealis
1062 3047 1145 3130 (vel'

88 3176 91 3185 ·
142 3156 309 3241 “propter
325 3147 481 3237 minorem
502 3143 550 3215 illi
568 3139 706 3213 aestatem
725 3168 824 3236 quam
838 3140 939 3222 huic,
964 3141 1133 3238 majusque

140 3252 166 3290 “
177 3240 300 3339 srigm3
327 3244 379 3313 vel
391 3262 520 3339 propter
539 3241 771 3321 continentium
790 3261 881 3311 terrae
901 3238 941 3320 ad
960 3241 1050 3338 polos
1090 3331 1093 3336 Ι

141 3351 166 3385 “
179 3335 314 3411 sitorum
337 3339 598 3432 inaequalitatem,
629 3338 682 3411 vel
714 3336 805 3411 aliam
828 3335 950 3427 causam
972 3426 975 3435 1
1019 3263 1134 3411 anchin

140 3448 165 3484 “
177 3436 268 3507 nobis
283 3440 455 3533 ignotam)
484 3437 603 3506 cumin
618 3431 753 3506 solstitio
773 3429 916 3530 hyemali
934 3362 1030 3525 Ptilus
1049 3437 1132 3506 'Au-

141 3545 167 3580 “
180 3531 293 3606 strinus
319 3556 432 3603 annuat
461 3530 501 3603 ad
528 3534 651 3610 Solem,
685 3537 719 3601 δι
741 3528 833 3603 simul
858 3530 906 3601 illi
931 3532 1062 3627 propior
1092 3529 1135 3604 stt

139 3643 164 3678 ‘⁶
177 3655 275 3721 quam
286 3629 333 3701 est
344 3631 437 3726 polus
453 3633 593 3709 Boteus:
622 3653 763 3722 cumque
777 3649 921 3724 ternpore
937 3622 1072 3713 Solstitii
1089 3652 1135 3700 at·

136 3742 162 3818 ξ(
176 3726 251 3810 stivi
269 3726 324 3800 hic
339 3725 379 3816 ad
394 3729 500 3799 Solem
513 3728 636 3807 annuit,
661 3722 863 3800 inclinabitur
876 3725 942 3798 axis
957 3720 1137 3823 'terrama-¹

1029 3836 1055 3876 (ί
1081 3823 1133 3920 gig
