2438 4328
61 38 72 81 l'
78 38 124 85 'P-
132 38 172 93 ἦ,

89 110 92 115 ’
234 113 937 237 malco-MATHEMATIM.
1020 189 1089 264 ηι

119 358 121 362 a
154 295 379 396 Distingmtur
391 293 538 385 ,fluidum
560 300 591 371 in
612 298 704 370 orbes
722 294 888 399 sphaericos
909 303 1093 385 mnumeros

107 399 322 490 concentricos
340 391 480 487 ejusdem
492 393 711 469 crassitudinis.
759 401 818 476 Et,
842 415 880 469 ut
893 400 992 493 prius,
1015 421 1094 473 tuan

108 497 209 570 solum
225 493 432 594 perseverabit
446 491 585 571 liuidum
604 496 636 567 in
655 514 749 567 motu
766 494 824 567 suo
838 495 1004 591 uniformi,
1025 494 1091 570 sinu

107 599 256 669 ulteriore
273 592 497 667 acceleratione
521 593 574 665 vel
593 591 813 674 retardatione,
837 593 896 667 ubi
915 614 1021 667 motus
1037 617 1092 664 an·

108 695 230 790 gulares
248 692 386 788 partitam
412 686 509 761 fluidi
528 689 611 761 circa
630 714 723 763 axem
739 690 831 787 globi
846 688 908 764 srnt
927 693 1094 788 reciproce

108 814 146 865 ut
158 790 231 888 ipsae
251 785 428 884 superficies
447 782 605 883 sphaericae
625 790 846 869 concentricae,
871 785 1095 881 faventque·

106 889 193 962 drata
217 884 469 960 distantiartuna
495 904 605 960 centro
629 885 720 982 globi
743 887 919 983 reciproce,
944 884 1010 958 sive
1033 883 1095 960 dc·-

109 1010 212 1066 mum,
225 1006 262 1057 ut
275 1004 418 1078 tempora
433 977 594 1077 periodica
612 984 763 1077 partium,
788 980 899 1059 iisdem
912 983 1094 1056 velocitati.-

108 1083 168 1158 bus
188 1080 387 1178 angularibus
415 1081 577 1174 reciproce
601 1101 661 1175 pro
734 1081 859 1162 ionalia,
884 1077 996 1154 fintut
1010 1105 1094 1176 qua-

107 1179 197 1259 drata
206 1177 425 1251 distantiarum
444 1176 461 1245 l
477 1197 587 1249 centro
604 1178 659 1274 glo
683 1178 694 1248 i
716 1174 849 1251 directe.

159 1280 260 1349 Caroli.
274 1275 344 1367 (1.)
371 1275 404 1344 Si
423 1271 562 1352 liuidum
579 1300 642 1347 non
657 1271 697 1347 srt
711 1272 885 1355 infinitum,
909 1273 964 1346 sed
973 1273 1095 1348 invase

110 1370 259 1468 sphaerica
281 1371 490 1452 contineatur,
514 1374 747 1469 circumagetur
772 1375 868 1446 etiam
890 1398 943 1444 vas
962 1370 1092 1470 sphaeri·

110 1495 199 1548 cunr,
225 1476 258 1540 δι
273 1467 495 1539 accelerabitur
512 1468 579 1559 ejus
595 1490 702 1540 motus
716 1469 823 1563 quoad
839 1469 936 1562 usque
951 1491 1093 1566 tempora
1146 1517 1156 1541 .

110 1563 273 1678 periodica
291 1562 429 1660 sphera,
455 1571 488 1635 δι
504 1563 594 1646 vasis,
616 1561 904 1660 fluidiqueincluli
925 1587 1092 1660 aequentur

110 1683 192 1734 inter
206 1661 247 1734 se.
295 1661 398 1754 Qud
416 1659 441 1734 fi
460 1686 512 1734 vas
525 1660 714 1760 sphaericum
728 1665 884 1736 violenter
898 1662 1089 1742 detineatur,

111 1760 279 1833 conabitur
293 1761 317 1831 is
330 1781 458 1831 motum
479 1758 574 1831 fluidi
592 1758 746 1832 retardare
752 1787 762 1842 3
790 1768 824 1833 &
840 1757 898 1830 nili
922 1757 1037 1855 sphaera
1053 1759 1090 1829 vi

111 1859 214 1951 aliqua
229 1859 381 1929 continuo
398 1853 542 1952 impressa
556 1879 682 1929 motum
703 1857 796 1928 suum
821 1855 996 1934 conservet,
1019 1851 1092 1925 cffi-

108 1956 175 2026 ciet
194 1976 230 2026 ut
250 1953 348 2034 idern,
373 1957 462 2026 velut
477 1955 508 2024 in
520 1954 590 2025 casu
604 1955 713 2052 priori,
738 1955 890 2051 paulatim
903 1948 1009 2023 cesset.

159 2055 263 2122 Coroll.
292 2057 361 2140 (2.)
390 2055 478 2122 Cum
492 2072 598 2123 autem
615 2054 812 2122 Planetarum
823 2072 966 2147 tempora
983 2050 1091 2146 perio·-

109 2145 182 2219 dica
198 2172 259 2219 non
283 2145 343 2219 fint
364 2149 395 2219 in
414 2150 533 2218 ratione
554 2146 771 2220 distantiamm
788 2147 806 2218 a
823 2149 894 2221 Sole
907 2144 1088 2244 duplicatas

110 2246 159 2315 uti
172 2242 234 2332 jam
245 2242 385 2333 vidimus
394 2271 404 2326 3
423 2246 542 2337 Liquet
555 2241 740 2333 hujusmodi
756 2243 852 2317 fluidi
868 2240 996 2315 atherei
1011 2268 1089 2315 con-¹
1140 2259 1143 2264 ’

111 2339 308 2412 stitutionem
326 2336 486 2437 systemati
510 2344 609 2414 Solari
632 2344 763 2414 minime
785 2345 880 2413 etiam
901 2341 1087 2421 conveniret

112 2461 169 2508 nec
195 2462 236 2507 ex
258 2435 368 2509 eadem
394 2435 550 2533 supposita
571 2439 747 2533 quicquam
775 2439 887 2510 auxilii
912 2436 1090 2508 vorticibus

111 2530 296 2605 Cartefianis
310 2531 471 2605 accedere.

159 2635 259 2701 Coroll.
281 2637 297 2715 (
302 2641 350 2726 3.)
379 2635 467 2702 Cum
481 2632 565 2702 enirn
583 2635 729 2727 Corpora
748 2626 820 2723 qua
840 2633 870 2702 in
891 2631 1015 2703 vortice
1032 2622 1090 2702 de·
1139 2694 1142 2699 ,

110 2727 170 2799 lata
188 2731 220 2799 in
238 2729 350 2798 orbem
367 2724 503 2800 eundem
523 2726 585 2798 srne
609 2725 730 2799 accessu
748 2725 788 2798 ad
807 2749 963 2807 centrum,
985 2727 1037 2798 vel
1049 2728 1095 2798 ab

110 2821 225 2896 eodem
234 2822 366 2896 recessu·
377 2846 532 2922 perpetuo
546 2822 677 2896 redeunt
682 2852 694 2909 3
725 2829 791 2908 (uti
806 2826 836 2896 in
857 2820 1004 2897 omnibus
1022 2825 1091 2931 pla*

109 2925 188 2993 neris
203 2943 273 2994 tum
289 2922 444 3020 primariis
461 2943 531 2994 turn
546 2919 730 2994 secundariis
744 2923 834 3019 resse
850 2919 989 3009 habett)
1007 2923 1091 3011 epul-

109 3017 185 3095 dem
198 3040 236 3091 ut
252 3016 487 3097 fintdensrtatis
508 3044 584 3092 cum
601 3022 735 3113 vortice,
757 3027 795 3091 ·&
814 3009 908 3090 simul
928 3042 1005 3090 cum
1018 3041 1091 3113 par·

110 3115 196 3188 tibus
214 3117 374 3214 contiguis
393 3116 535 3193 serantur
552 3107 592 3189 lit
609 3110 727 3190 necesse
745 3146 754 3187 a
788 3123 822 3187 ὃ(
845 3141 921 3188 cum
939 3109 1091 3189 Vortices
1116 3112 1120 3127 '

109 3209 295 3304 hujufinodi
319 3212 452 3311 debeant
477 3215 520 3286 ira
542 3210 678 3293 moveri,
705 3235 741 3285 ut
768 3235 910 3310 tempora
930 3209 1092 3310 periodica

110 3301 173 3383 sint
183 3312 214 3382 in
224 3310 386 3409 duplicata
400 3304 617 3385 distantiarum
630 3311 772 3393 ratione3
802 3317 1036 3403 (contraquam
1051 3307 1096 3379 fir

110 3407 143 3477 in
154 3408 301 3483 omnibus
311 3410 482 3506 planetist)
510 3410 632 3503 Liquet
646 3410 782 3480 Planetas
797 3409 812 3478 l
826 3408 998 3503 Corporeis
1015 3431 1093 3478 vor-³

108 3503 226 3576 ticibus
247 3529 310 3578 non
333 3504 464 3578 deserti.
522 3503 625 3590 Quod
650 3507 746 3577 etiarn
768 3501 874 3581 adhuc
903 3505 1021 3577 certius
1047 3524 1092 3573 etc

111 3602 255 3695 proxima
274 3598 492 3697 Propositione
510 3594 677 3675 constabit.

158 3696 283 3769 LXIX.
292 3701 486 3773 Velocitatcs
493 3700 689 3773 planetarum
696 3696 916 3773 bmniumsrve
922 3700 1093 3795 primario«

109 3815 194 3901 rum,
203 3791 271 3871 sive
280 3794 536 3874 secundariorum
544 3799 626 3892 circa
635 3791 986 3903 corporasuaceutraltn
994 3798 1030 3903 ,iu
1042 3802 1098 3882 ,ΝΞ
1165 3884 1168 3890 .

1003 3910 1090 3960 arone
