2438 4328
137 136 186 227 '9²'
404 133 842 210 restinctionis
951 172 955 179 -

138 273 187 346 ed
207 276 241 342 δι
264 272 313 366 df
328 275 363 342 δε
379 291 435 365 per
453 264 506 337 dia
550 267 650 340 nalem
663 267 703 341 ad
716 270 872 341 verticem
893 267 1027 343 alterum
1042 270 1130 367 quai

132 370 266 442 'dratum
283 380 319 483 ig
339 365 385 439 est
401 363 482 438 adde
527 391 595 447 um,
621 365 704 437 unde
723 364 764 438 ad
783 365 1020 440 conficiendum
1040 393 1131 464 qua·

137 467 265 540 dratum
285 465 450 560 secundum
482 459 547 533 five
578 464 689 535 binarii
715 467 854 544 muneri,
884 463 1026 537 addenda
1052 468 1129 552 sunt

129 563 289 660 quadrata
300 566 369 642 tria,
385 559 451 630 sive
468 583 636 633 numerum
653 564 803 657 imparem
812 560 1000 636 secundum.
1050 567 1128 636 De-

129 663 211 736 mdc
224 689 279 757 per
291 684 398 731 omnes
416 658 554 751 reliquos
575 661 725 731 terminos
747 657 884 759 augendi
904 658 975 732 sunt
993 666 1127 736 numeri

7 766 9 771 ’
135 759 365 854 quadratorum
386 753 609 830 addititiorum
628 757 763 836 binario,
791 753 814 827 sr
834 755 987 851 quadrata
998 761 1129 854 reliqua

5 919 8 923 ,
134 858 208 928 sunt
228 853 424 926 conficienda
436 881 448 937 ς
475 857 535 926 tria
548 879 620 926 nem
676 854 829 950 quadrata
848 855 950 927 tribus
962 854 1127 952 priusad·

73 1029 80 1037 ¹
134 949 491 1119 'ditircotreffondentia
503 952 539 1042 ki
551 959 584 1024 &
600 957 613 1022 l
647 959 747 1051 &gq,
772 952 842 1025 sunt
848 955 954 1050 primo
962 950 1125 1036 addenda,

135 1047 212 1120 dein
240 1050 303 1120 aliu
348 1047 539 1142 quadratum
560 1050 621 1148 hp,
645 1075 685 1120 eo
704 1049 795 1142 quod
814 1048 1011 1145 quadratum
1025 1050 1126 1141 juxta

133 1145 333 1223 diagonalem
352 1143 497 1219 additum
517 1146 589 1219 bina
610 1147 761 1239 quadrata
781 1145 1058 1245 correspondentia
1071 1151 1125 1221 su-

135 1241 268 1341 peraddi
285 1241 404 1339 semper
420 1244 569 1338 requirit,
594 1246 649 1314 cui
670 1246 785 1316 ultimo
804 1243 851 1315 est
870 1242 1056 1317 addendum
1077 1249 1124 1318 al·

134 1357 241 1412 terum
270 1339 433 1427 daoooale
467 1339 659 1434 quadratum
687 1368 757 1412 mo.
808 1347 854 1413 Et
888 1344 932 1413 ita
961 1342 1121 1436 ubique:

138 1443 289 1510 Numero
310 1435 530 1510 addendorum
551 1436 613 1510 sem
653 1464 669 1508 r
688 1439 867 1510 seinvicem
887 1438 1011 1510 binario
1028 1439 1125 1538 supe·

128 1557 231 1616 nante,
256 1561 324 1627 quo
336 1533 487 1627 quadrata
512 1535 563 1604 ad
583 1463 651 1605 alie
655 1563 702 1605 an
725 1564 770 1616 as,
790 1543 853 1606 &e
879 1535 1121 1610 omniaabuni·

130 1653 200 1704 tate
219 1655 323 1729 coepta
344 1630 558 1727 perficiantur.
609 1632 710 1706 Unde
733 1633 825 1704 facile
845 1633 988 1724 sequitur
1009 1637 1122 1707 conti-

135 1754 229 1802 nuam
244 1754 448 1801 numerorum
470 1730 638 1827 imparium
658 1727 855 1802 additionem
874 1755 983 1802 omnes
1002 1753 1120 1805 nume·

134 1854 187 1900 ros
205 1826 374 1922 quadratoc
395 1852 553 1924 generare.
579 1833 636 1927 Q
636 1835 674 1896 E.
685 1832 730 1895 D.
778 1828 847 1914 Qui
869 1850 947 1898 vero
972 1825 1120 1901 indueti-

132 1949 193 1996 one
206 1947 361 2017 quantum
371 1925 448 1994 libet
456 1925 633 1994 continuata
646 1943 810 1994 contentus
826 1922 938 2004 abibit,
951 1922 1047 1994 hosce
1060 1923 1122 1998 de·

134 2020 327 2091 monstrandi
355 2019 468 2089 modos
495 2020 568 2088 satin
589 2041 662 2090 tuto
682 2022 830 2090 omittere
853 2021 970 2114 poterit
977 2047 989 2102 3
1015 2045 1121 2114 quan·

134 2143 230 2210 quam
244 2116 399 2186 faciliores
415 2115 484 2185 sunt
496 2139 593 2206 quam
606 2138 642 2187 ut
659 2113 712 2187 hic
723 2118 788 2188 loci
801 2115 927 2188 eosdem
938 2115 1120 2208 judicarem

133 2208 431 2312 praetermittendos.

182 2315 312 2378 Lemma
332 2309 510 2378 Secundum.
544 2310 576 2378 Si
598 2333 712 2405 corpus
728 2308 804 2382 dato
817 2311 990 2407 tempored
1003 2313 1118 2404 quiete

134 2405 292 2506 gradatim
312 2413 344 2475 &
366 2405 565 2476 uniformiter
587 2402 737 2487 discedat,
762 2429 857 2500 atque
876 2432 916 2478 eo
937 2408 1119 2505 paetocer-

133 2526 200 2576 tam
220 2504 332 2574 lineam
353 2499 519 2582 describat,
547 2500 637 2573 Idem
665 2528 778 2601 corpus
796 2501 911 2574 eodem
932 2503 1010 2576 dato
1029 2526 1117 2580 tem-

132 2624 209 2697 pore
223 2601 240 2670 ὲ
254 2602 410 2672 celeritate
422 2601 538 2672 ultimo
555 2597 706 2692 acquisita
717 2599 918 2681 uniformiter
931 2603 1118 2675 continuata

130 2699 242 2772 lineam
258 2700 369 2794 prioris
388 2696 517 2794 duplam
534 2694 700 2767 describet.
750 2701 838 2767 Cum
856 2700 939 2767 enim
959 2722 1078 2794 corpus
1097 2700 1119 2770 ὲ

130 2796 240 2891 quiete
258 2794 448 2869 discedendo
466 2816 590 2864 certum
609 2795 787 2864 velocitatis
802 2791 937 2890 gradum
961 2820 1000 2867 au
1061 2820 1119 2868 en-

131 2897 180 2966 tis'
198 2894 370 2985 aqualibus
399 2888 621 3001 acquisiverit,
653 2892 732 2960 linea
752 2890 791 2960 ab
816 2886 930 2960 eodem
956 2820 1116 3060 desciipta

129 2992 191 3061 erit
211 2990 241 3060 in
259 2992 432 3060 innumeras
454 2989 545 3057 lineas
566 2983 721 3079 gradatim
739 2987 757 3055 b
776 2985 885 3078 quiete
898 2986 1030 3076 majores
1074 2987 1118 3060 is·

129 3083 280 3182 pescenda
300 3092 333 3154 &
353 3083 377 3154 fi
398 3079 463 3155 iste
481 3081 602 3152 lineolae
624 3081 782 3179 gradatim
802 3081 971 3154 crescentes
996 3110 1061 3157 non
1080 3087 1114 3156 in

128 3184 262 3280 longum
285 3179 337 3252 sed
354 3178 394 3251 ad
413 3181 506 3250 latera
524 3176 633 3248 ordine
644 3178 892 3276 disponerentur,
912 3182 1114 3278 triangulum

128 3277 295 3373 quoddam
314 3276 384 3346 abr
409 3297 643 3372 componerent,
668 3299 722 3348 aut
740 3277 844 3347 saltem
862 3276 953 3365 juxta
965 3275 1114 3362 indivisi,-

102 3376 244 3465 „bilium
263 3371 454 3445 methodum
477 3373 724 3445 Cavallerianam
741 3397 930 3468 componere
951 3373 1112 3469 censendae

105 3461 217 3544 ‘'sunt':
257 3470 331 3544 Ubi
359 3466 514 3567 punctum
541 3472 689 3541 verticale
718 3471 867 3565 trianguli
887 3496 919 3548 a,
951 3471 1112 3566 pundium

126 3569 257 3663 quietis,
283 3575 316 3638 δι
339 3566 417 3638 basis
448 3567 492 3638 1b
515 3588 622 3637 motus
643 3568 753 3638 lineam
777 3568 923 3637 ultimam
952 3564 1111 3664 designat,

125 3666 322 3758 reliquaeque
349 3667 471 3736 lineola)
488 3664 639 3760 parallelae
663 3661 794 3735 diversae
813 3665 990 3736 velocitatis
1015 3664 1112 3756 linear

125 3768 203 3872 quas
228 3786 339 3861 corpus
363 3760 593 3862 pertransierat.
632 3762 713 3893 &m
744 3755 906 3832 silineam
934 3761 1110 3926 maximaq

154 3870 161 3879 ‘
1066 3879 1080 3934 1
