2438 4328
239 100 950 180 PHYSMO.=MATHEMATIC‹AE.
1048 124 1099 205 tt

162 232 252 309 Natu
264 230 452 306 differentia
462 236 616 305 motuum
622 231 822 309 tendandum
833 231 877 304 'ad
887 229 1020 305 eandem
1028 242 1102 332 pm

73 372 76 379 ,
111 354 193 413 tem,
218 339 252 403 &
271 329 401 404 sununu
423 329 623 403 tendentium
643 328 684 401 ad
704 333 874 403 contrarias
893 326 1015 401 eaedem
1027 334 1099 404 sunt

115 430 173 501 sub
191 430 285 501 initio
308 432 341 502 in
368 444 507 523 utroque
534 428 605 502 casu
630 439 687 514 (ex
702 425 909 528 hypothesr,)
932 422 966 497 u
990 444 1031 498 ex
1051 427 1099 501 his

112 527 243 599 summis
255 528 308 597 vel
322 526 511 599 differentiis
527 530 676 598 oriuntur
696 524 876 624 congressus
895 530 929 596 &
948 526 1099 621 impetus,

112 625 231 717 quibus
246 648 382 722 corpora
393 626 553 696 se'mutuo
567 624 699 697 feriunt.
726 623 786 720 [ex
798 623 926 696 summis
944 623 1098 695 nimirum
1140 622 1148 642 ⁸

114 724 333 818 incorporum
346 720 387 794 ad
400 744 501 819 partes
512 722 681 793 contrarias
699 720 911 800 tendentium
936 726 971 790 u
984 717 1102 793 exdu-

112 816 253 890 ferentiit
270 822 302 890 in
314 834 494 917 corporum
509 818 550 891 ad
566 818 690 892 eusdem
709 838 809 917 partes
826 818 1028 891 tendentium
1040 832 1099 888 ot·

109 913 268 988 cursibus.
337 920 432 1016 ΙΕῐςο
444 936 501 1015 pet
514 924 636 1016 Ltg'em
650 944 688 1015 4,
701 921 835 1012 equales
847 934 941 989 ttunt
953 940 995 1011 qo
1042 928 1048 937 “
1073 913 1100 985 s

112 1012 241 1087 suume
289 1016 358 1086 etus
374 1017 405 1087 in
425 1028 565 1111 utroque
588 1015 671 1095 casu,
697 1023 731 1089 da
750 1028 914 1114 propterea
1041 1035 1100 1087 tuat

111 1133 219 1183 motus
238 1116 320 1185 inter
339 1112 369 1183 se
384 1114 495 1186 inuno
514 1113 588 1185 t'asu
607 1116 741 1208 aequales
759 1113 900 1186 motibus
920 1115 1002 1184 inter
1018 1111 1099 1191 seia

111 1210 222 1280 altero.
271 1213 462 1283 Communis
480 1213 566 1283 enim
590 1211 680 1309 spatii
703 1218 939 1306 corporumque
961 1209 1100 1285 ioelum
1213 1255 1216 1260 ·

111 1332 186 1376 rum
200 1314 233 1376 &
247 1307 415 1378 uniformis
433 1331 539 1379 motus
552 1311 583 1379 in
597 1308 734 1381 'eandem
751 1308 874 1406 plagam
890 1305 1029 1386 tendens,
1044 1327 1100 1377 aut

113 1405 221 1474 omnia
241 1405 404 1496 aequaliter
423 1405 635 1486 accelerando,
661 1426 699 1479 ut
719 1409 751 1478 in
772 1408 809 1477 iis
827 1407 946 1499 quaein
966 1402 1098 1493 eandem

114 1525 190 1570 cum
205 1497 307 1594 spatio
324 1523 444 1597 partem
460 1499 613 1584 tendunt3
642 1525 696 1576 aut
703 1525 860 1598 quantum
877 1504 932 1573 uni
944 1499 1096 1581 detrahit,

71 1674 73 1679 ,
113 1593 260 1667 addendo
274 1597 375 1677 alteri,
402 1619 439 1668 ut
459 1599 491 1668 in
515 1599 551 1668 iis
574 1625 647 1692 quae
668 1604 699 1671 in
724 1622 825 1698 partes
847 1601 1010 1671 contrarias
1030 1620 1098 1669 ten-

108 1690 208 1771 dunt,
223 1695 397 1765 nuliatenus
411 1694 551 1765 mutabit
562 1697 752 1769 occursuum
767 1699 858 1767 vires.
900 1695 993 1767 Idem
1008 1722 1098 1766 com-

113 1789 268 1886 probatur
286 1794 503 1887 experimento
531 1793 719 1874 luculent03
755 1815 861 1863 motus
889 1795 972 1863 enim
993 1817 1101 1862 omnes

112 1885 225 1957 eodem
240 1885 341 1958 modo
355 1888 383 1958 se
393 1886 511 1960 babent
523 1890 555 1959 in
564 1891 648 1967 navi,
666 1888 730 1960 five
739 1915 773 1960 ea
785 1887 938 1982 quiescat,
948 1886 1013 1959 slve
1027 1914 1100 1957 mo-

109 2005 225 2058 fveatur
248 1983 450 2056 uniformiter
460 1988 492 2058 in
506 1983 679 2057 directum.
984 2052 1000 2079 χ

163 2092 255 2175 (27.)
285 2083 318 2152 Si
337 2106 467 2178 corpora
489 2105 677 2155 moveantur
693 2084 993 2175 quomodocunque
1018 2082 1099 2152 inter
1149 2109 1151 2112 ’

110 2173 155 2266 se,
181 2184 214 2245 δε
230 2178 380 2250 aviribus
395 2180 662 2251 acceleratricibus
676 2181 851 2272 aequalibus
870 2179 1044 2252 secundum
1059 2181 1098 2249 li-

112 2296 182 2344 neas
203 2275 351 2366 parallelas
378 2294 561 2374 urgeantur,
587 2298 718 2372 pergent
737 2281 843 2348 omnia
864 2274 979 2348 eodem
996 2272 1097 2347 modo

111 2371 238 2440 moveri
257 2371 337 2440 inter
353 2371 381 2442 se
396 2398 430 2443 ac
452 2370 609 2444 srvitibus
623 2377 683 2446 illis
697 2399 759 2446 non
772 2373 868 2445 essent
883 2375 1023 2445 incitata.

162 2470 250 2539 Nam
268 2469 350 2539 vires
364 2469 426 2538 iliae
442 2472 612 2562 aequaliter,
639 2488 697 2567 pru
717 2471 948 2565 quantitatibus
960 2492 1095 2541 moveo*

111 2562 229 2635 dorum
248 2580 434 2660 corporum,
460 2565 675 2640 &secundum
685 2570 777 2639 lineas
792 2558 946 2665 parallelas
959 2565 1095 2664 agendos

109 2682 241 2757 corpora
259 2665 366 2734 omnia
385 2666 550 2756 aequaliter
558 2664 669 2758 quoad
681 2667 884 2737 velocitatem
897 2665 1096 2743 movebunt,

110 2757 254 2926 adeoque
269 2776 431 2854 nunquam
445 2761 616 2833 mutabunt
626 2759 799 2860 positiones
817 2770 851 2834 δε
863 2783 971 2833 motus
984 2774 1098 2833 eor'unt

108 2878 191 2927 mter
214 2881 245 2926 e.

157 2957 291 3048 Lemma
304 2952 351 3026 'ad
367 2955 598 3052 Experimento·
608 2960 755 3050 proxime
770 2949 984 3028 memoranda.

154 3053 317 3124 velocitas
328 3055 470 3150 corporis
487 3051 617 3145 penduli
632 3057 801 3152 inpuudio
816 3055 931 3127 circtdi
945 3042 1099 3154 descripti

109 3145 223 3219 infimo
230 3147 447 3244 estsemper‘ut
454 3146 685 3224 chordaarcus
692 3157 760 3246 qud
770 3149 911 3223 cadendo
919 3148 1097 3245 descripfit.

157 3242 239 3315 Esto
253 3247 385 3342 angulus
408 3252 501 3318 (ΖΑΒ
521 3250 635 3329 uetus,
663 3252 763 3321 Cvel
776 3252 819 3317 H
828 3248 946 3320 mobile
961 3248 1019 3318 silo
1039 3262 1097 3317 t'o-

108 3337 184 3411 dem
205 3348 270 3411 CA
286 3344 338 3413 vel
348 3348 430 3434 'HA
445 3370 462 3414 a
476 3358 586 3416 centro
597 3352 638 3416 A
652 3345 840 3443 suspensum,
867 3354 899 3415 &
912 3371 967 3441 ptr
987 3356 1096 3415 arcuit}

109 3443 138 3527 C
144 3445 169 3509 B
184 3440 236 3508 vel
246 3444 318 3510 ΗΒ
330 3437 551 3535 descensurum
557 3469 569 3524 3
597 3444 688 3514 Dico
702 3441 795 3536 quod
810 3445 959 3515 velocitas
967 3448 1096 3538 serpu-¹

107 3535 150 3603 ris
172 3536 247 3607 Cin
269 3537 390 3630 pundo
410 3535 523 3608 intimo
539 3546 576 3620 B,
601 3537 709 3628 estad
731 3543 934 3616 velocitatem
957 3542 1097 3635 corporis

96 3634 152 3720 ,Η
166 3629 323 3704 intodem
339 3637 471 3730 mando,
496 3630 563 3706 sr've
581 3639 687 3731 potius
706 3640 857 3710 velocitas
870 3635 1010 3728 ejusden
1026 3650 1098 3721 cbr-

106 3726 192 3833 poris
215 3729 321 3824 primo
338 3750 394 3829 per
415 3748 536 3838 arcum¹
549 3739 609 3847 Cb
631 3740 664 3807 ὃ(
684 3734 799 3821 deinde
818 3760 874 3837 per·
894 3730 1095 3898 arcuded,

104 3842 174 3889 ε’·
256 3842 259 3849 ’
566 3850 587 3862 ”
729 3850 731 3854 ’
959 3845 1105 3901 caentu·
