2438 4328
105 139 171 208 260
390 128 819 201 PReAELECTIONES

111 263 174 334 lius
190 260 247 333 ubi
266 258 456 357 perforatur,
480 284 555 352 quar
577 256 712 352 quidem
731 255 865 356 prellio,
897 258 951 333 ob
970 274 1103 333 naturam

114 383 204 451 aqua
216 356 362 439 fluidam,
389 359 514 451 aqualis
532 354 578 427 est
593 354 723 453 ponderi
736 359 903 428 columnae
919 357 1104 451 aquaecujus

99 453 192 527 ‘balis
207 454 357 532 foramini
373 475 528 548 aequatur,
544 460 576 523 de
589 452 727 525 altitudo
739 451 850 536 eadem
864 452 920 526 est
932 480 1014 548 quae
1026 478 1103 547 aqua

113 555 213 624 totius
225 553 311 650 supra
331 553 483 624 foramen.
533 556 579 621 Et
603 558 781 647 Propterea,
796 548 822 621 sr
839 576 901 623 vas
920 549 1102 624 admodum

115 653 258 747 torporis
271 648 402 746 penduli
418 649 475 720 filo
489 651 606 745 praelon
630 649 680 719 od
695 650 785 719 clavo
798 647 1028 746 suspendatur,
1048 647 1104 720 hoc

116 743 140 817 fi
155 772 236 838 aqua
254 749 284 816 in
298 748 421 843 plagam
440 748 586 840 quamvis
601 674 775 816 fecundum
789 747 914 817 lineam
930 744 1105 819 horizonta·

39 909 42 914 .
114 824 177 914 lem
191 840 312 918 effluat,
334 842 459 915 recedet
481 842 598 938 semper
623 845 640 913 a
666 840 900 939 perpendiculo
931 846 969 918 iu
993 846 1102 941 plagam

114 941 312 1032 contrariam.
362 945 408 1011 Et
431 964 485 1037 par
507 936 553 1010 est
577 941 670 1021 ratio,
695 962 732 1011 ut
745 938 807 1010 hoc
832 941 952 1013 obiter
972 962 1103 1020 notetur,

114 1058 221 1108 motus
240 1039 375 1134 pilarum
389 1063 461 1130 qua
473 1040 604 1134 pulvere
617 1039 822 1110 tormentario
838 1036 1035 1111 madeladto
1052 1039 1103 1108 im·

110 1137 250 1233 plentur,
276 1140 309 1205 de
330 1138 458 1207 materia
477 1138 508 1206 in
523 1134 682 1206 flammam
701 1159 755 1232 per
778 1133 929 1207 foramen
958 1137 1101 1231 paulatim

114 1235 275 1328 expirante
287 1231 608 1329 receduntlregione
621 1232 768 1307 flamma,
793 1233 872 1302 &in
888 1254 1027 1330 partem
1038 1258 1102 1305 con-

115 1331 240 1401 trariam
257 1354 332 1402 cum
345 1331 468 1426 impetu
481 1329 640 1402 feruntur.

165 1429 265 1496 Coroll.
283 1433 351 1519 (5.)
380 1426 503 1499 Eadem
523 1425 570 1498 est
582 1429 731 1498 velocitas
745 1425 890 1497 exeuntis
908 1425 1016 1499 fluidi
1036 1427 1104 1498 ina-

115 1548 192 1614 qua,
217 1528 251 1592 &
264 1524 294 1593 in
307 1549 388 1603 aere,
402 1531 434 1595 δε
447 1525 512 1596 aliis
525 1523 780 1618 quibuscunque,
794 1522 896 1595 modo
909 1521 1107 1595 subtiliffima

117 1617 196 1700 sint,
229 1619 287 1692 ubi
310 1619 446 1693 altitudo
477 1618 803 1719 perpendicularis-est
822 1618 959 1702 eadem,
997 1624 1051 1693 uti
1073 1647 1107 1693 ex

115 1716 313 1817 praecedente
332 1714 596 1791 demonstratione
611 1721 725 1812 liquet.

167 1819 267 1887 Coroll.
291 1822 365 1904 (6.)
390 1820 435 1888 Et
454 1814 479 1887 sr
500 1815 640 1888 fluidum
658 1815 697 1888 fit
721 1811 896 1894 elasticum,
926 1821 964 1886 δε
982 1813 1106 1889 Undu·

116 1914 245 1984 lationes
269 1911 334 1984 five
355 1935 504 1985 tremores
521 1914 590 1984 suos
610 1911 650 1986 ad
668 1910 783 1984 distans
802 1935 977 2008 propagare
1000 1911 1109 2011 pollrt,

118 2007 356 2080 Undulationes
364 2011 415 2080 vel
429 2009 681 2082 Tremoreaillos
690 2007 798 2080 eadem
807 2011 983 2080 velocitate
997 2034 1108 2107 propa·

117 2103 208 2200 gabit
228 2129 292 2196 qua
308 2108 411 2201 primo
431 2106 575 2178 efflueret
589 2133 630 2177 ex
645 2105 811 2179 altitudine
831 2104 943 2177 Fluidi
963 2107 1106 2179 Unifor-

119 2201 191 2295 mis,
201 2199 292 2290 cujus
300 2200 424 2296 pondus
433 2201 573 2274 fluidum
586 2204 764 2293 lubjedlum
773 2204 985 2298 comprimere
992 2201 1105 2300 pollet.

118 2293 243 2368 Tensro
259 2299 343 2368 enirn
369 2296 434 2370 sive
448 2302 611 2372 elaterium
627 2300 679 2373 isti
695 2297 841 2400 pressioni
859 2296 925 2370 five
940 2301 1106 2372 velocitati

116 2383 282 2492 incipienti
295 2399 526 2492 proportionale
549 2396 594 2470 est
612 2401 623 2468 i
647 2399 714 2470 sum
729 2395 944 2468 undulationis
965 2399 1020 2468 vel
1042 2419 1105 2468 tre·

117 2494 216 2563 moris
231 2491 439 2566 vehiculum:
466 2501 500 2565 &
520 2423 651 2592 proinde
672 2492 891 2566 undulationes
910 2496 966 2564 vel
986 2516 1107 2565 tremo·

117 2614 167 2660 res
179 2587 253 2664 istos
266 2617 342 2663 eum
355 2593 524 2666 velocitate
539 2595 665 2692 propria
673 2616 734 2664 non
747 2588 850 2688 potest
862 2615 924 2662 non
939 2589 1104 2663 transferre

46 2734 48 2739 -
117 2687 152 2758 &
165 2712 347 2787 propagare.
623 2725 627 2730 ·

152 2791 266 2878 Caroli.
280 2792 349 2880 (7.)
379 2786 482 2861 Unde
506 2812 584 2859 cum
596 2785 735 2885 pondera
755 2786 899 2884 specifica
919 2811 1012 2881 aqua
1033 2789 1105 2883 plu-

119 2880 261 2975 vialis&
283 2885 421 2982 Argenti
434 2886 504 2956 vivi
517 2880 578 2957 srnt
593 2884 633 2957 ad
653 2887 790 2956 invicem
810 2906 846 2956 ut
869 2910 881 2954 r
902 2878 942 2955 ad
968 2909 1019 2979 ¹4·
1043 2886 1108 2954 cir·

119 2981 201 3074 citer
208 3005 219 3060 ς
247 2987 281 3050 δι
302 2982 360 3052 ubi
380 2981 563 3053 Mercurius
580 2982 612 3053 iu
636 2986 825 3054 Barometro
837 2980 1042 3054 altitudinem
1058 3002 1105 3051 at-

117 3073 214 3171 tingit
226 3073 407 3172 digitorum
423 3081 640 3168 Anglicorum
657 3105 711 3176 30.
727 3077 850 3176 pondus
868 3077 988 3150 elastici
1009 3082 1106 3149 Aeris

127 3178 171 3269 δι’
187 3197 277 3264 aque
303 3177 450 3271 pluvialis
469 3174 530 3249 sint
551 3175 589 3249 ad
611 3172 763 3258 invice'm,
790 3202 831 3250 ex
859 3178 979 3248 tollatis
1002 3177 1107 3270 pluri·

121 3269 180 3361 mis
203 3268 401 3361 observatis,
417 3295 455 3346 ut
472 3298 485 3344 1
505 3272 544 3345 ad
575 3299 665 3344 1000·
681 3277 811 3348 circiter·
820 3302 831 3357 3
857 3297 951 3347 erunt
965 3272 1108 3371 pondera

120 3354 267 3533 pecifica
285 3363 363 3441 aeris
386 3368 421 3465 dt
444 3372 567 3468 *argenti
586 3373 656 3442 vivi
670 3395 708 3468 ut
735 3397 749 3442 1
771 3370 810 3443 ad
834 3397 945 3467 r4ooo
963 3372 1104 3444 circiter.

145 3464 269 3545 roinde,
295 3492 371 3562 cum
390 3465 528 3539 altitudo
550 3469 671 3566 argenti
687 3467 822 3560 vivifit
844 3486 887 3565 30*
908 3469 1108 3566 digitorum,

120 3559 257 3633 altitudo
281 3565 359 3635 aeris
385 3558 553 3638 uniformis
574 3565 665 3660 cujus
685 3566 809 3665 pondus
836 3592 938 3638 aerem
959 3564 1106 3638 nostrum
1134 3562 1137 3567 ’

116 3653 296 3750 ἷιιίήεᾶωη
320 3664 529 3757 comprimere
543 3661 656 3759 pollet,
682 3668 744 3738 erit
769 3687 886 3759 42000
909 3662 1103 3760 digitorum,

116 3756 169 3832 seu
181 3757 302 3858 pedum
317 3756 532 3859 Anglicorum
554 3783 677 3856 35000.
727 3754 877 3859 Corpora
889 3783 995 3834 autem
1008 3757 1109 3858 pedet

969 3880 1101 3952 175ooa
1137 3854 1142 3861 ’
