2438 4328
184 243 252 316 394
431 204 929 287 ruveroerronrsss

182 368 325 425 nomena,
362 368 454 439 quam
487 341 552 414 fieti
580 339 683 437 potest
713 341 958 415 accuratissime
990 339 1164 413 invenimus.

182 443 370 514 Notandum
389 463 482 538 porro
515 438 617 527 (6⁰)
643 440 810 509 Circulum
835 438 1067 536 penextimum
1087 438 1163 508 mobi-

182 543 242 611 lem
262 538 374 610 menses
394 538 464 608 anni
486 538 604 635 Juliani
623 559 804 607 communes
829 537 967 610 dierum
996 546 1061 632 365
1088 536 1161 606 couri-

184 661 320 717 nentem,
351 637 466 706 circulo
493 636 612 705 extimo
633 635 787 704 immobili
809 637 927 729 primo
953 634 992 704 in
1013 637 1083 704 loeo
1101 631 1130 702 ad
1143 656 1158 700 t·

185 732 311 804 mussrm
329 731 386 802 ‹sle
400 729 629 828 adoptandum:
661 728 722 800 lroc
736 728 790 804 est,
823 732 1050 827 AEquinoblii
1069 730 1157 799 vernali

184 834 290 902 locum
310 829 395 898 annis
410 828 585 922 quibusque
600 823 663 897 slve
680 828 846 923 praeteritis
864 827 936 900 five
957 826 1086 907 suturis,
1109 826 1155 915 jan·

184 926 244 1017 jam
262 930 293 995 in
307 923 464 1020 superficie
482 925 650 1017 penextimi
669 924 774 995 circuli
795 925 861 996 rite
872 927 1084 1022 applicatum,
1102 922 1156 994 debi

186 1047 221 1094 tn
240 1021 368 1091 Zodiaei
383 1025 430 1092 vel
451 1020 614 1119 Erliptieae
629 1023 712 1100 locu,
746 1016 809 1091 hoc
826 1019 877 1093 est
895 1024 1028 1092 Arietis
1042 1021 1153 1116 prineipit

184 1116 242 1189 esse
261 1118 497 1215 applicandum:
530 1143 598 1212 quo
616 1115 739 1188 Gradus
759 1119 941 1212 Eclipticae
959 1125 995 1190 δι
1020 1118 1101 1188 Anni
1117 1116 1154 1186 dit

186 1213 244 1286 libi
263 1237 378 1287 mutuo
396 1215 514 1309 ubique
532 1212 789 1310 correspondeant,
841 1218 917 1287 Hic
936 1239 1049 1287 autem
1059 1213 1153 1287 lociob

184 1312 302 1386 servatu
320 1336 387 1382 non
407 1310 451 1382 est
471 1309 648 1408 indignum,
681 1317 696 1388 (
711 1335 776 1405 quo
787 1333 875 1381 error
890 1315 1011 1386 omnis
1031 1333 1154 1396 oranter

185 1423 272 1495 rur,)
300 1410 458 1479 Tabellam
476 1406 561 1478 islam
581 1411 685 1479 locum
704 1408 895 1500 aequinoctii
917 1412 999 1480 anni
1018 1409 1154 1503 diebutq

184 1507 359 1601 plicantem
397 1507 514 1576 ineunti
538 1505 638 1576 seculo
659 1505 768 1584 cuivis,
799 1510 836 1574 δι
857 1529 987 1599 quarto
1003 1508 1098 1579 cuivis
1115 1525 1154 1573 ann

185 1605 234 1673 vel
255 1601 324 1698 post
336 1600 499 1672 Christum
519 1608 617 1673 Anno
636 1598 835 1672 solummodo
856 1626 919 1700 per
943 1603 976 1675 se
993 1605 1045 1675 res
1097 1599 1154 1678 derel

184 1724 266 1770 anno
291 1701 437 1770 nimirum
458 1692 593 1769 Bissexro
616 1698 742 1770 exeunti
760 1698 808 1768 vel
827 1699 965 1771 ineunti
986 1725 1031 1798 po
1075 1695 1155 1771 Bissu-

185 1819 254 1868 tum
277 1799 386 1893 primo,
433 1794 559 1880 Quibus
574 1794 703 1888 quidem
720 1795 822 1866 Annis
847 1821 941 1888 opus
962 1822 1031 1868 non
1058 1794 1098 1867 est
1112 1815 1153 1866 tut

185 1895 339 1965 ulteriore.
394 1889 454 1962 Sed
473 1894 644 1964 cavendum
665 1912 700 1963 ut
718 1915 798 1961 anno
824 1891 902 1987 post
928 1893 1104 1966 Bissexturn
1118 1891 1154 1988 pri

184 2015 240 2059 mo
262 1990 387 2060 exeunti
413 1987 535 2084 gradus,
571 1986 634 2060 five
653 1987 716 2060 diei
734 1984 962 2081 quadrantem,
996 1989 1115 2062 exeunti
1131 1986 1154 2058 se

183 2083 290 2155 cundo
310 2081 467 2158 semissem,
495 2088 618 2158 exeunti
634 2085 726 2157 terrio
740 2082 947 2163 dodrantem,
972 2095 1091 2185 semper
1102 2083 1155 2156 aule

183 2203 290 2260 ratur;
328 2181 369 2251 ita
388 2204 424 2252 ut
448 2182 532 2252 circu
546 2207 580 2253 us
603 2182 796 2280 penextimus
818 2203 907 2253 retro
933 2188 989 2257 vel
1016 2188 1052 2257 in
1074 2205 1155 2254 autern

184 2277 288 2351 denria
315 2300 367 2372 per
391 2276 452 2348 diei
475 2282 522 2349 vel
548 2279 658 2376 gradus
677 2276 895 2373 quadrantem,
935 2280 1101 2361 seminem,
1127 2279 1156 2348 vel

181 2374 366 2446 dodrantem
400 2396 582 2447 moveatur:
627 2395 663 2446 ut
689 2378 729 2447 ita
755 2372 881 2446 tandem
916 2382 1018 2451 Anni
1044 2376 1157 2470 cujusque

183 2469 247 2541 dies
282 2468 391 2568 gradui
427 2472 574 2566 eeliprirae
606 2496 749 2568 congruo
781 2473 890 2543 exaere
939 2473 1157 2573 correspondet

182 2571 316 2638 Monrru
332 2591 516 2638 autemnon
533 2569 578 2640 ell
597 2593 688 2664 opus,
710 2592 818 2638 omnes
828 2569 910 2734 qost
928 2572 1103 2646 Christum
1114 2594 1157 2642 ren

183 2661 318 2744 relimos,
354 2661 530 2762 vigesimus,
560 2667 650 2737 etiam
674 2665 825 2762 quadrage
840 2691 939 2750 imos,
975 2667 1156 2770 sexagefinu,

182 2766 217 2831 &
246 2757 478 2856 odogesrmos:
520 2766 605 2833 Ante
628 2760 792 2832 Christum
812 2786 890 2835 vero
912 2790 1038 2840 omnes
1064 2761 1155 2841 centes·

178 2881 249 2928 uros
268 2860 397 2952 primos,
434 2856 597 2952 vigefimos
617 2858 745 2954 primos,
778 2858 1047 2959 quadragesimus
1066 2866 1154 2964 primtl

184 2952 381 3049 sexagesimos
398 2954 524 3048 primos,
563 2962 597 3026 &
618 2954 826 3053 oetogefimos
846 2962 975 3055 primos
995 2958 1060 3036 else
1074 2957 1154 3034 Bista-

181 3051 259 3121 tiles.
308 3049 409 3121 Unde
435 3050 523 3120 Anni
546 3054 656 3145 reliqui
684 3050 851 3128 Bilsextiles
870 3055 1033 3132 facillime
1056 3052 1154 3130 innotis

180 3169 260 3223 cent,
327 3149 514 3218 Notandum
554 3148 663 3245 (7⁰)
704 3157 832 3245 Propter
856 3151 948 3224 diem
982 3154 1154 3230 Biffexrilen

178 3240 596 3411 lilffllllssll'ssf
621 3245 750 3413 ⁸⁴1¹0²⁰1
768 3256 1034 3416 ¹0⁶⁰2²0⁰³a⁸⁶⁶²
1059 3259 1092 3325 ⁸⁴
1112 3268 1154 3396 ²⁰¹}

178 3455 260 3513 turn,
292 3438 380 3506 Anni
411 3438 507 3507 Diem
532 3341 1155 3543 {in90rginon7indi1edtmc'pd1dtei3plifid

181 3529 277 3608 slum,
304 3555 404 3603 revera
426 3533 513 3603 diem
529 3532 624 3606 istum
642 3537 730 3607 Anni
754 3533 823 3617 esse,
848 3565 918 3632 quo
941 3543 1156 3616 phaenomena

46 3709 50 3716 .
178 3625 394 3722 quodeunque
414 3629 555 3713 accidit3
593 3650 718 3730 propter
741 3632 831 3704 usum
849 3638 1063 3714 Tabularum
1084 3634 1157 3711 Auni

179 3719 252 3818 post
276 3719 440 3795 Christum
460 3728 772 3801 accommodatarum.
821 3731 881 3805 Sed
897 3738 996 3809 Anni
1020 3741 1158 3829 Dicunt

180 3824 338 3918 Organon
367 3819 539 4013 indicatqm
569 3848 638 3901 anre
663 3821 849 3926 §hristum
891 3854 963 3906 nou
998 3836 1061 3912 elle
1080 3833 1164 4005 quriseqq¹
