2438 4328
194 146 895 250 turnaco-maturatam&
980 175 1051 258 293
1167 203 1168 207 t

61 578 236 653 LXXXV.
258 574 261 578 ⁴
305 581 549 653 Ronanus.
570 568 759 652 'Denfitates
776 578 976 653 punctatum
986 576 1045 653 de·

321 675 427 754 finire.
475 675 647 763 Nimirum
666 701 743 748 cum
756 678 966 771 quantitatem
979 702 1047 750 ma·

59 770 148 846 teria
164 774 197 845 in
210 775 341 860 Planetis
361 775 505 869 quinque
527 773 560 843 in
576 773 647 845 casu
662 774 767 871 priore
786 775 908 853 ultima
924 779 1048 872 Propu-

58 870 179 953 sttionis
191 869 431 944 determinatam
444 867 612 942 habeamus
620 897 631 952 ;
647 877 681 942 δι
693 897 768 944 etun
781 873 1049 949 Diametrosotn·

59 970 150 1043 nium
176 970 373 1043 Planetarum
394 964 570 1041 secundum
600 966 826 1041 Flamssedium
853 972 887 1041 in
911 968 985 1060 casu
1002 967 1049 1041 se.

58 1065 167 1138 cundo
177 1070 274 1141 etiam
285 1063 454 1140 habeamus
465 1063 705 1140 determinatam
713 1092 724 1148 3
740 1063 868 1138 Exinde
876 1065 969 1140 facile
975 1065 1058 1140 sue-'

58 1165 102 1236 rit
124 1163 142 1235 ὲ
159 1163 231 1238 data
253 1168 393 1239 materia
411 1164 587 1258 quantitate
609 1164 642 1236 in
663 1162 744 1236 datis
757 1162 883 1262 sphaeris
899 1183 1047 1240 contenta
1074 1209 1075 1212 π

57 1259 199 1349 ejusdem
212 1263 351 1332 materiae
363 1258 549 1335 densitatem
565 1262 690 1334 calculo
700 1260 928 1334 determinaret
948 1286 1048 1358 quant

58 1356 464 1459 itaque'Tabellaappostta
482 1356 661 1432 exhibebit.
788 1445 789 1448 Ἴ

487 1557 579 1622 Luna
603 1593 713 1614 --
738 1576 837 1648 7190

209 1719 211 1724 .
487 1653 585 1723 Terra
602 1688 712 1705 --
742 1649 837 1745 3[87

264 1748 399 1839 Detfitas
486 1748 715 1815 Solis—
744 1765 835 1829 Ῑιοο

488 1841 584 1938 Jm
607 1883 716 1935 *έ-
769 1853 838 1935 [76

487 1945 615 2010 Saturni
637 1977 715 1998 Ἰ---
768 1950 836 2020 [60

103 2135 298 2205 LXXXVI.
323 2133 475 2205 Gravitas
493 2157 548 2229 per
571 2129 655 2204 endo
667 2131 685 2202 I
697 2130 919 2230 superficiebus
935 2133 1044 2207 Plane-

56 2246 161 2297 tarum
172 2226 319 2300 deorsum
330 2227 484 2302 decrescit
498 2232 530 2301 in
543 2157 680 2326 simplici
692 2232 811 2302 ratione
823 2227 1044 2304 distantiarum

59 2323 203 2398 dcentris
217 2329 488 2421 quamproxime.
763 2372 764 2375 =
1125 2421 1126 2424 Ἴ

106 2422 138 2491 Si
151 2424 235 2494 enim
256 2423 390 2495 Planetae
408 2425 537 2495 materia
552 2421 661 2515 quoad
676 2422 862 2496 denfitatem
874 2422 1056 2496 uniformis-

27 2576 28 2586 ,
55 2514 143 2597 esset,
157 2519 314 2591 obtineret
327 2517 398 2592 haec
411 2521 492 2592 ratio
503 2541 664 2626 accurate3
691 2545 747 2618 per
761 2528 857 2617 Prop.
869 2547 929 2617 47.
942 2525 1044 2595 Error
1161 2551 1164 2555 ’

57 2614 330 2712 igituttantusest,
338 2640 474 2712 quantus
483 2617 521 2688 ab
532 2619 682 2710 inaequali
690 2615 841 2690 densitate
849 2620 928 2696 oriri
936 2615 1043 2712 poffit,

103 2717 305 2786 Corollarium.
355 2718 505 2788 Gravitas
519 2715 627 2808 itaque
647 2738 820 2811 corporum
841 2711 960 2810 inipfis
972 2716 1043 2785 Pla.

55 2830 198 2882 netarum
213 2810 438 2909 superficiebus
457 2810 503 2897 est
522 2816 667 2885 omniurn
679 2815 827 2891 maxima,
841 2818 875 2880 δε
890 2814 1042 2904 utrinque

54 2906 206 2980 decrescit
213 2936 225 2991 ;
248 2907 358 3003 estque
371 2910 490 2983 sursum
504 2911 535 2980 in
547 2907 708 3008 duplicata
714 2911 878 3006 reciproca
886 2906 1042 2980 distantiae

54 3009 187 3085 ratione,
200 3004 350 3078 deorsum
366 3004 626 3105 veroinsrmplici
641 3011 760 3088 ratione
774 3005 908 3097 direeba.
1060 3023 1062 3027 ’

104 3106 320 3176 LXXXVII.
346 3109 463 3177 Motus
487 3106 685 3176 planetarum
711 3112 745 3175 &
774 3109 986 3184 Cometarum
1008 3104 1041 3185 in

55 3201 146 3270 coelis
161 3199 336 3274 diutissime
350 3202 523 3276 conservari
537 3198 676 3298 possunt.

102 3302 191 3369 Cum
211 3301 296 3371 enim
320 3298 511 3372 Mediorum
538 3297 720 3378 resistentia,
751 3322 826 3392 quae
850 3297 913 3370 sola
931 3321 1039 3375 motus

51 3388 145 3464 hosce
161 3393 253 3466 semel
267 3397 418 3493 incaeptos
431 3394 588 3470 retardare
609 3403 642 3466 δι
667 3393 771 3466 fistere
794 3392 906 3488 posset,
920 3398 1039 3481 minu·
1159 3480 1161 3484 k

52 3507 123 3558 atur
136 3492 169 3562 in
182 3494 301 3564 ratione
317 3492 464 3589 ponderis
485 3491 551 3564 five
570 3497 710 3565 materia
725 3490 884 3566 densitatis
897 3520 909 3575 3
937 3491 980 3566 s'te
1000 3515 1039 3566 ut

51 3610 144 3678 aqua,
164 3611 238 3680 quae
259 3589 384 3662 vicibus
402 3590 469 3662 fere
483 3591 731 3685 quatuordecim
743 3591 851 3675 levior
869 3588 916 3663 est
941 3617 1039 3684 quam

50 3704 217 3780 argentum
235 3687 363 3766 vivum,
382 3689 486 3759 minus
508 3685 629 3760 resistat
643 3689 685 3758 ‘in
705 3685 815 3758 eadem
837 3690 976 3769 ratione;
1004 3697 1039 3762 &

49 3804 112 3883 per,v
126 3783 186 3881 qui
198 3781 322 3876 vicibus
328 3783 393 3856 fere
401 3786 488 3879 misle
494 3785 598 3860 levior
609 3782 656 3855 est
670 3809 866 3882 quamaqua‚
875 3787 977 3860 minus
990 3808 1040 3860 rea

578 3883 661 3981 Ue
947 3878 1043 3969 ststnt
