2438 4328
201 88 943 196 „rnrsr‘cozrnnrnrtrnrroan
1032 104 1102 210 599

106 213 168 316 elle
187 224 341 340 superiori
365 237 545 314 'corollario
573 236 614 311 lit
638 237 724 313 rede
744 237 960 316 obstrvatum.
985 228 1104 344 ''Qiiri

111 342 146 414 &
163 334 228 410 hoc
248 341 343 410 etiam
356 335 471 410 addere
484 340 589 418 liceat,
607 338 691 409 vires
710 330 906 421 planetarum
919 338 1104 439 praeterSoss

109 441 173 531 Ie'm
190 440 224 507 &
245 441 369 510 Lunam
389 436 601 530 reliquorum,
626 460 704 531 quas
719 458 881 536 tantopere
903 464 1032 539 crepant
1049 437 1102 516 A·

111 536 254 632 strolo'gi‘,
281 536 335 606 aut
359 534 403 603 ob
421 525 581 608 distantias
604 537 758 615 enormes,
782 558 838 608 aut
856 537 900 607 ob
928 563 1105 637 corporum

109 636 299 731 parvitatem
313 632 445 703 tantillas
456 623 518 703 effe
537 635 569 706 in
586 629 810 729 Atmolphaera
829 632 946 715 nostra,
970 643 1006 709 de
1018 622 1105 737 apud

111 728 293 812 Tellurem,
321 731 358 800 ut
371 731 430 801 vix
446 750 500 801 aut
514 754 553 802 ne
569 732 626 820 vix
663 728 773 803 uidem
786 734 853 803 ullo
864 731 988 806 indicio
996 735 1106 828 fiatri

111 824 246 928 pollrtlt3
274 827 393 900 nedum
413 846 451 897 ut
469 823 602 930 effedlus
624 754 713 909 illos,
737 853 868 926 magnos
889 851 974 903 certe
993 837 1028 903 &
1048 821 1106 912 ad·

112 925 286 1006 mirandos,
310 950 394 1019 quos
413 922 605 1022 supponunt,
631 926 699 996 ullo
716 927 810 1020 pado
824 925 1003 1024 producere
1021 954 1106 1024 que·

110 1048 174 1098 ant.
224 1026 295 1113 Qui
318 1022 563 1095 Idololatrarum
590 1047 679 1094 more
709 1021 817 1095 Stellas
842 1028 933 1098 Deos
953 1025 1025 1104 elle,
1049 1024 1105 1102 vel

112 1127 205 1196 Deos
218 1124 255 1194 Iis
275 1113 367 1191 in‘erse
388 1112 587 1193 Immortales
603 1122 785 1220 opinantur,
809 1118 938 1203 habent,
958 1147 1027 1216 quo
1047 1117 1105 1226 pa·
1132 1145 1134 1151 ·
1216 1210 1218 1213 .

75 1232 77 1236 “
111 1214 492 1314 trocinenturhypothesr
507 1216 582 1290 suae.
630 1219 702 1306 Qu
713 1242 791 1288 vero
808 1239 874 1292 tam
893 1217 992 1292 crasso
1004 1225 1104 1296 errori

111 1318 191 1405 olim
207 1314 443 1396 valedixerunt,
468 1317 587 1388 mirum
603 1340 673 1409 qno
692 1314 762 1386 fato
782 1314 848 1387 istis
867 1319 987 1397 neniis,
1011 1322 1103 1392 omni

113 1412 181 1484 sana
198 1415 318 1485 ratione
331 1407 435 1491 calsm‘
446 1432 512 1483 tam
524 1415 676 1510 pertinaci
687 1414 793 1484 animo
807 1417 981 1488 etianmum
993 1414 1103 1490 adhae-

116 1532 215 1582 reant.

183 1707 277 1774 Maii
297 1707 373 1801 17⁰.
398 1665 517 1797 1708.Ι

128 1979 1098 2024 „mah-...—

533 2215 699 2288 XXXVI.

115 2389 232 2457 XCII.
301 2390 486 2458 Lauren
496 2410 519 2459 R
531 2412 555 2457 u
565 2414 595 2459 m
610 2410 718 2460 motus
726 2388 833 2461 diurni
846 2388 1019 2461 uniformes
1030 2386 1103 2458 sunt

318 2491 352 2555 &
365 2484 553 2578 aequabiles:
582 2491 616 2556 &
636 2486 835 2558 Librationes
856 2491 970 2566 Lunae,
996 2511 1039 2556 ex
1056 2486 1107 2580 ip-

115 2577 176 2651 ssus
192 2605 286 2654 motu
309 2578 428 2653 diurno
450 2581 612 2675 aequabili,
638 2610 714 2655 cum
741 2581 905 2655 menstruo
923 2581 1107 2674 inaequabili

113 2679 241 2760 collata,
266 2687 300 2751 &
314 2678 489 2751 secundum
509 2698 602 2751 axem
624 2679 664 2752 ad
678 2681 817 2754 orbitam
838 2683 1019 2751 inclinatam
1032 2704 1106 2776 per·

112 2776 187 2869 adro
204 2775 373 2871 necessario
386 2779 546 2849 oriuntur.
844 2804 846 2808 “
992 2811 994 2815 ’
1103 2781 1115 2823 V

150 2875 249 2945 'Haec
265 2877 344 2948 olim
363 2876 580 2947 annotavimus
588 2902 600 2957 3
626 2899 685 2946 nec
696 2877 806 2949 multis
821 2874 926 2946 verbis
940 2870 994 2946 hic
1011 2897 1106 2971 opus.

115 2973 278 3055 Qo'niam
297 2997 376 3044 vero
397 2975 499 3043 Lunae
515 2973 599 3044 circa
616 2997 707 3045 axem
726 2975 818 3047 suum
833 2971 1039 3044 uniformiter
1056 2997 1109 3042 re·
1192 2998 1194 3002 ·

117 3067 273 3142 volventis
286 3069 354 3143 dies
369 3066 546 3141 menstruus
567 3067 614 3140 est
620 3098 631 3152 3
663 3071 882 3167 (periodicum
896 3064 1033 3141 mensem
1052 3067 1110 3140 hic

118 3168 269 3240 volumus
279 3176 306 3253 ε)
335 3166 447 3258 Hujus
457 3165 553 3238 facies
567 3167 676 3239 eadem
680 3171 861 3267 fhperiorem
874 3167 940 3261 fere
951 3163 1110 3263 Ellipseos

119 3265 341 3346 Umbilicum,
355 3289 419 3354 non
432 3289 511 3337 vero
519 3266 688 3352 Tellurem
701 3269 732 3337 in
742 3270 873 3360 itfferiori
883 3263 1018 3362 posrtam
1031 3263 1128 3335 semm

116 3380 174 3452 per
188 3363 333 3458 respiciet
339 3390 351 3444 3
385 3387 425 3432 eo
444 3359 537 3456 quod
561 3384 670 3436 motus
692 3365 846 3460 angularis
866 3387 1000 3459 quoque
1026 3363 1113 3433 circa

116 3452 213 3529 istum
235 3463 445 3553 Umbilicum
464 3458 532 3530 fere
554 3458 594 3531 lit
614 3464 789 3554 aequabilis‚
815 3456 1011 3554 inaequabilis
1033 3482 1113 3530 veto

116 3555 202 3626 eirca
228 3559 408 3631 Tellurem.
459 3562 505 3629 Et
524 3580 689 3655 propterea
709 3584 769 3656 pro
790 3557 854 3630 srtu
875 3557 1040 3631 Umbilici
1059 3562 1111 3627 Iu·

114 3652 249 3747 perioris
266 3654 412 3728 deviabit
427 3656 618 3750 plerumque
635 3654 803 3729 hincinde
824 3659 970 3735 aversa,
992 3662 1027 3724 &
1039 3677 1111 3748 par3

110 3767 157 3857 ges
174 3774 259 3824 nunc
275 3754 491 3829 orientaliores
503 3777 586 3845 nunc
601 3752 866 3857 occidentaliores
877 3754 967 3827 nobis
976 3747 1114 3912 rubige-
