2438 4328
263 122 947 205 Pms‘lco-MATHEMATIM.
1022 137 1091 220 περ

104 261 206 341 tione,
229 253 354 332 moveri
372 253 500 358 possunt
520 256 552 329 in
569 259 662 331 variis
680 254 855 354 Ellipsrbus
875 256 959 329 circa
983 270 1095 334 earum

110 380 230 430 centra:
257 361 300 430 ita
322 379 359 429 ut
378 377 486 428 motus
504 353 568 427 fine
593 357 828 453 perturbatione
842 375 997 467 perpetuo
1019 382 1094 455 per·

111 455 265 530 severent,
291 462 324 524 ἃ
343 476 381 526 ut
401 478 571 527 commune
595 457 739 526 omnium
759 475 923 552 gravitatis
949 473 1097 530 centrum
1198 456 1202 464 '

109 555 223 624 interea
234 552 383 645 quiescat.

156 657 315 720 Ponantur
333 651 636 746 imprimiseorpora
661 648 730 723 duo
753 652 790 718 T
806 655 841 720 δι
866 653 896 718 L
922 673 1098 722 commune

109 744 253 818 habentia
273 749 435 844 gravitatis
457 768 601 817 centrum
625 755 669 818 D.
721 749 765 818 ‘Si
788 767 897 819 motus
920 745 1095 844 projeffllis

108 844 217 915 debita
224 848 435 1008 [proportione
449 842 623 915 secundum
637 847 736 916 vlineas
755 846 909 940 parallelas
926 847 960 916 in
977 841 1094 916 eodem

109 943 201 1037 plano
237 961 305 1020 atas,
324 940 376 1012 sed
393 939 565 1012 secundum
581 938 767 1013 direetiores
783 943 948 1013 contrarias
959 941 1093 1034 utrique

110 1036 203 1110 semel
215 1038 424 1133 imprimatur,
449 1037 624 1111 describent
642 1036 713 1110 haec
733 1039 863 1137 Ellipses
877 1036 1003 1120 ssmiles,
1018 1062 1093 1110 cen-

110 1155 156 1205 tra
179 1131 325 1206 habentes
349 1137 381 1205 in
406 1142 441 1206 D
464 1138 627 1208 communi
655 1136 799 1221 duorrun

111 1231 274 1329 gravitatis
295 1253 413 1311 centro,
438 1254 476 1303 ut
490 1236 568 1305 olim
579 1234 794 1330 exposuimus.

145 1323 285 1398 Trahat
303 1328 367 1420 jam
385 1353 499 1427 corpus
523 1333 656 1402 tertium
681 1339 707 1400 S
728 1332 832 1429 priora
843 1329 913 1403 duo
935 1337 973 1403 T
988 1339 1024 1404 &
1046 1338 1092 1415 L,

846 1197 918 1268 Prop.
938 1206 950 1247 ι
955 1209 984 1265 9.
1008 1195 1091 1270 prim.

118 3248 239 3325 viribus
258 3252 528 3325 acceleratricibus
551 3259 621 3333 ST,
654 3254 726 3327 SL.
753 3257 846 3329 &ab
867 3259 938 3356 ipsis
957 3259 1096 3338 viciffim

118 3346 271 3421 trahatur.
320 3355 381 3424 Vis
404 3357 472 3421 ST
488 3376 543 3447 per
570 3355 672 3451 legem
696 3378 803 3427 motus
827 3381 882 3427 22.
906 3361 1019 3434 resolvi
1038 3386 1098 3458 po-

119 3443 180 3516 test
195 3447 227 3518 in
243 3450 325 3518 vires
348 3455 422 3527 SD,
447 3455 528 3519 DT.
556 3452 655 3522 &vis
679 3457 737 3520 SL
763 3453 890 3526 invites
912 3461 991 3540 SD,
1011 3465 1096 3533 DL.

119 3545 213 3615 Vires
231 3564 337 3617 autem
362 3549 448 3626 Dr,
473 3551 561 3626 DL,
585 3572 659 3639 quae
681 3550 751 3620 sunt
770 3571 806 3621 ut
831 3553 964 3648 ipsarum
979 3556 1099 3628 summa

119 3645 215 3708 TL:
252 3641 352 3736 [cum
370 3645 455 3716 enim
476 3647 610 3716 rationes
639 3645 775 3742 ipsarum
798 3652 937 3743 partium
961 3659 1037 3744 TD⁸
1063 3659 1098 3722 δε

118 3740 190 3807 DL
214 3737 334 3814 eaedem
354 3743 474 3844 semper
497 3762 651 3830 maneant,
675 3743 814 3850 manebit
838 3753 872 3821 δι
894 3749 977 3824 ratio
999 3749 1099 3821 totius
