2438 4328
208 158 902 237 rnrrrco-MATHEMAr-rcoc.
1002 194 1041 264 3,

66 328 120 378 ter
131 297 260 394 majores
273 299 410 373 circulos
423 298 680 392 celeritatemque
692 296 845 388 majorem
865 298 970 372 versus
983 305 1047 375 cir-

69 401 425 495 cumferentiam‚partes
436 393 1046 496 remotioresacentrorecedentrnagist'

69 500 211 592 Ideoque
226 499 348 569 Oritur
362 492 419 565 iste
432 517 522 587 aquae
536 489 671 564 aseensus
684 517 725 563 ex
737 513 831 566 motu
850 517 929 565 vero
943 498 1048 569 circu-

65 598 134 678 larii
161 603 194 667 &
247 620 263 664 r
277 613 427 665 conatum
441 587 527 662 hunc
542 587 740 662 recedendia
760 611 870 661 centro
883 593 1050 666 innotescit

66 701 101 766 dc
127 716 199 775 rnen
213 713 335 763 uratur.
383 689 454 779 Qui
475 685 610 780 quidem
635 707 743 758 motus
768 703 862 759 verus
888 691 1050 764 circularie'

63 789 111 863 est
135 788 190 862 hic
202 791 268 860 loci
281 788 387 858 motui
406 787 541 858 relativo
554 785 688 856 omnino
712 787 898 857 contrarius.
947 790 1052 860 Initio

63 888 162 969 eninr,
182 887 240 959 ubi
253 888 411 965 maxianus
424 905 489 955 erat
505 902 610 955 motus
623 883 776 954 relativus
797 886 830 955 in
844 881 934 963 vase,
954 885 1048 979 quod

64 988 197 1058 immota
231 983 310 1082 pene
340 1006 420 1076 aqua
444 980 545 1053 solurn
568 980 763 1078 gyrabatur,
796 988 830 1051 &
860 1004 915 1078 per
939 982 1048 1055 conse-⁶

63 1107 163 1178 quens
178 1092 258 1176 aqlra
271 1081 333 1178 ipsa
347 1100 492 1153 contenta
505 1076 614 1172 quoad
628 1101 682 1149 vas
696 1079 857 1152 celerrime
879 1080 911 1150 in
925 1101 1047 1176 partem

62 1179 446 1252 contrariamrnovebatur
457 1173 642 1275 respedtive,
650 1173 712 1247 srne
720 1198 798 1246 vero
811 1171 923 1256 motui
952 1181 1046 1252 Tum

63 1277 132 1350 sane
147 1276 297 1374 temporis
310 1296 418 1348 motus
432 1276 486 1349 ille
507 1275 657 1346 relativus
677 1273 802 1346 nullum
814 1272 973 1346 excitabat
988 1299 1046 1347 co-

64 1396 174 1447 natum
189 1371 358 1445 recedendi
379 1373 418 1444 ab
431 1395 507 1445 area
536 1377 633 1468 Aqua
658 1394 720 1443 non
734 1369 860 1468 petebat
874 1371 1048 1443 circumse-

63 1472 196 1544 rentiam
217 1467 411 1543 ascendendo
433 1469 474 1543 ad
486 1472 580 1541 latera
600 1465 690 1549 vasis,
715 1464 769 1539 sed
780 1469 868 1565 plana
881 1469 1044 1552 r'nanebat3

66 1575 101 1640 δι
116 1588 280 1680 propterea
292 1574 399 1639 motlrs
414 1568 498 1640 illins
520 1568 680 1639 circularia
700 1589 793 1636 verus
813 1563 958 1637 nondum
979 1565 1047 1639 sen·

64 1663 199 1738 fibrliter
212 1666 386 1763 inceperat:
414 1663 522 1737 Postea
536 1687 613 1735 vero
628 1660 722 1734 srrnul
734 1687 770 1733 ac
785 1687 873 1755 aque
882 1661 988 1735 motus
995 1689 1047 1736 re·

64 1761 342 1843 lativusdecre'vin·
360 1761 496 1836 ascensus
509 1760 577 1852 ejus
585 1759 624 1832 ad
639 1760 731 1832 latera
738 1757 817 1829 vasrs
824 1758 982 1831 indicabat
990 1782 1047 1832 coa

62 1881 172 1933 natum
186 1857 354 1932 recedendi
368 1860 407 1931 ab
420 1884 495 1942 axe3
524 1860 620 1952 atque
635 1855 689 1928 hic
712 1877 840 1926 conatus
854 1854 1047 1928 monstrabat

64 1978 190 2030 motum
198 1956 281 2029 illius
288 1956 474 2030 circularem
488 1981 612 2035 verum,
626 1958 780 2052 perpetual
794 1953 995 2037 crescentem
1009 1961 1047 2025 ac

62 2054 190 2127 tandem
210 2057 389 2127 maximum
409 2054 529 2128 saelum
550 2053 608 2125 ubi
627 2065 708 2146 aqua
727 2048 907 2144 quiescebat
928 2048 960 2124 in
976 2051 1048 2125 vase'

697 2151 702 2159 ι

63 2153 213 2224 relative:
240 2154 347 2249 Igitur
369 2149 499 2224 conaius
521 2149 577 2225 iste
600 2173 664 2220 non
671 2148 800 2317 <pendet
814 2171 831 2218 a
845 2146 1047 2224 transsatione

62 2272 153 2342 aquae
173 2248 314 2345 respedlu
336 2247 414 2324 vasis
435 2249 611 2326 ambientisr
655 2251 671 2329 (
695 2265 752 2317 um
771 2243 852 2317 illud
876 2244 979 2320 solum
994 2258 1047 2319 re·‘

62 2345 139 2416 veri
151 2364 312 2424 movetura
337 2349 370 2416 &
383 2348 490 2432 motus
502 2366 625 2417 tantum
637 2344 786 2416 relativus
802 2344 891 2435 aduae
900 2342 1045 2418 immotae

61 2439 178 2514 exinde
192 2437 383 2538 affingitur.)
434 2447 481 2514 Et
500 2461 665 2542 propterea
685 2461 792 2512 motus
814 2441 973 2515 circularis
987 2464 1046 2514 ve*

59 2565 115 2610 rus
129 2562 185 2638 per
206 2538 281 2608 tales
299 2536 509 2610 transsationes
529 2537 656 2611 definiri
674 2539 797 2633 nequitr
855 2540 985 2612 Unicus
999 2536 1047 2611 est

60 2637 203 2732 eorporis
217 2634 372 2730 cujusque
386 2637 575 2709 revolventis
587 2656 694 2706 motus
714 2635 789 2707 vere
802 2636 974 2715 circularisr
987 2660 1045 2706 co-

59 2735 147 2806 natui
161 2733 258 2803 unico
278 2753 426 2827 tanquam
446 2731 577 2840 proprio
598 2729 632 2806 de
658 2729 825 2826 adaequato
842 2729 975 2802 effectui
995 2754 1049 2802 re·a

59 2829 229 2926 spondens:
256 2852 364 2902 motus
379 2835 485 2909 autem
498 2831 624 2904 relativi
636 2834 695 2927 pro
708 2829 802 2902 'v'a'riis
818 2827 857 2899 ald
872 2831 956 2917 varia
971 2853 1044 2903 cor-

57 2946 135 3024 pora
149 2928 352 3000 relationibus
359 2932 372 3011 ,·’
396 2925 536 3022 sttuq'ue3
559 2949 657 3025 prout
665 2925 729 2998 hoc
743 2927 797 2998 vel
811 2922 890 2999 illud
904 2923 1044 3021 respicit,

58 3022 197 3125 diversa
210 3025 369 3100 *innumeri
375 3025 456 3106 sunta
466 3028 539 3097 &in
547 3049 653 3097 omnes
669 3045 770 3122 partes
780 3008 874 3095 simul
886 3022 1022 3100 tendunt
1029 3041 1041 3108 a

59 3143 155 3214 atque
166 3122 355 3201 relationum
380 3121 419 3194 ad
441 3121 534 3199 instar
552 3119 720 3194 effeetibus
739 3122 820 3193 veris
835 3121 965 3194 omnino
985 3121 1045 3194 dea

59 3217 248 3299 ilituuntun¹
272 3218 331 3290 nisr
361 3219 516 3312 quatenus
538 3217 579 3293 de
600 3220 679 3291 vero
702 3219 759 3290 illo
783 3218 935 3293 &unico
948 3239 1043 3291 motu

55 3315 258 3414 participant.
309 3315 411 3391 Unde
440 3314 474 3388 dc
494 3318 526 3388 in
550 3313 716 3412 systemate
736 3323 848 3387 eoruin
863 3319 922 3410 qui
944 3320 1046 3395 coelos

56 3412 179 3496 nostros
193 3414 274 3487 insra
288 3417 387 3490 coelos
400 3412 538 3487 fixarum
550 3415 583 3484 in
598 3413 709 3484 orbem
723 3414 849 3486 revolvi
860 3416 986 3495 volunt,
1007 3422 1044 3487 &

57 3512 192 3606 planetas
207 3511 456 3590 secumdeferre,
482 3507 1045 3608 Planetaeafingulacoelorumpan
1147 3524 1149 3529 ’

55 3626 116 3683 tes,
122 3631 195 3700 quae
201 3604 330 3684 relative
339 3607 473 3702 quidem
481 3606 513 3681 in
522 3607 610 3684 coelis
624 3607 847 3692 suisproir'imis
861 3610 1056 3702 quieseunta·

55 3721 230 3776 moventur
244 3707 339 3779 verer
371 3709 507 3781 Mutant
528 3705 613 3775 enirn
634 3703 805 3801 positiones
819 3705 885 3778 snas
901 3705 943 3778 ad
957 3708 1042 3781 invi-

55 3826 141 3884 cem,
167 3800 212 3871 ob
237 3794 815 3971 diversas-revolutioupnlajperiodosa
837 3803 924 3876 secus
943 3828 1053 3970 qualrin

74 3944 99 3953 .,
130 3948 133 3955 ι
1024 3919 1039 3969 t
