2438 4328
65 144 67 148 ’
200 159 906 233 PHrslco-MATHEMATJM.
986 158 1063 260 ’,εἰς

120 287 313 358 Cnmenim
338 289 418 383 ,th
442 281 594 374 majorem
614 279 726 354 habeat
744 282 898 356 rationem
910 283 950 358 ad
973 291 1058 392 Q,

69 408 169 477 quam
194 390 275 481 ρΒ,
301 378 396 452 habet
418 379 460 452 ad
482 385 560 481 Q,
585 399 718 476 propter
741 385 821 459 SA,
844 386 911 460 SB,
937 386 1060 457 caeteris

68 482 212 579 paribus,
235 480 388 572 aquales3
416 485 450 549 &
475 484 550 573 ‚QS
571 475 728 566 majorem
743 500 841 568 quam
866 484 968 576 QA3
995 483 1059 555 erit

68 586 104 649 &
124 582 206 650 ratio
222 573 384 674 duplicata
409 581 512 672 ΕΜ,
537 571 578 645 ad
600 579 679 671 25,
704 570 811 645 adhuc
837 575 939 665 major
960 599 1059 668 quam

69 676 232 786 duplicata
256 680 333 773 QS,
359 670 398 744 ad
424 680 511 768 Qm.
561 674 673 762 Atque
686 668 765 742 adeo
784 669 965 745 differentia
978 683 1061 747 MS

67 798 171 864 major
181 767 361 843 differentia
374 775 438 838 mS
444 771 601 850 ;.&LM
605 765 708 858 major
719 793 818 862 quam
837 773 918 864 lm..
955 771 1058 847 Unde
1118 811 1127 828 ·

63 868 202 943 effeetus
219 868 258 939 ab
274 865 340 938 istis
353 865 475 937 viribus
483 862 620 935 derivati
632 885 724 964 erunt
735 865 865 956 majores
883 891 982 960 quam
995 872 1057 964 qui

68 970 107 1041 ab
121 969 224 1040 alteris
243 962 441 1036 derivantur.
489 966 550 1059 ,Q
548 967 589 1030 E.
597 967 645 1032 D.

116 1079 308 1157 Notandum
331 1101 438 1152 autem
455 1075 636 1151 distantiam
657 1077 736 1150 Solis
755 1081 772 1152 l
797 1081 899 1151 Terta
921 1083 1057 1156 tamin-

64 1202 195 1279 gentem
214 1175 274 1250 esse
289 1198 327 1248 ut
339 1175 520 1250 differentia
538 1176 658 1247 virium
685 1177 769 1246 circa
795 1174 1054 1267 conjunslionem

66 1285 170 1350 Lunae
186 1301 262 1349 cum
280 1276 364 1355 Sole,
390 1281 423 1344 &
437 1275 519 1345 circa
533 1269 676 1362 ejusdem
689 1269 923 1370 opposrtionem
941 1273 1055 1349 admo-

64 1375 150 1447 dum
168 1371 207 1443 fit
234 1395 339 1468 parva,
366 1378 404 1441 &'
417 1368 556 1441 vixdum
567 1394 624 1468 per
641 1367 805 1442 observata
820 1368 1054 1468 distinguenda.

65 1468 170 1544 Unde
201 1469 326 1540 nullum
355 1469 464 1542 locum
496 1464 574 1539 huie
602 1463 793 1539 differentia
820 1463 1055 1565 distmgnendae

64 1567 217 1641 haetenus
233 1565 345 1639 datum
365 1561 426 1640 else
443 1563 482 1636 ab
504 1562 703 1637 Astronomis
728 1565 837 1636 mirari
863 1585 930 1637 non
950 1565 1055 1642 debe.

61 1691 149 1738 mus.

113 1790 317 1870 XXXVIII.
344 1787 439 1860 Vires
466 1786 546 1858 Solis
571 1781 721 1856 absolutae
740 1783 909 1857 satellitum
926 1805 1052 1882 pertus·

64 1881 195 1957 batrices
217 1909 389 1978 earumque
413 1881 548 1955 effestus
571 1878 753 1954 indiversrs
771 1883 790 1953 a
811 1884 883 1954 Sole
895 1879 1051 1956 distantiis

64 1978 135 2054 sunt
148 1984 180 2053 in
194 1980 422 2055 distantiarumw
434 1984 552 2053 ratione
567 1981 725 2077 triplicata
736 1980 868 2052 inverse.

115 2098 164 2166 Sit
190 2099 275 2168 enim
297 2094 455 2170 distantia>
471 2099 550 2169 Solis
576 2098 593 2168 ὲ
615 2096 744 2168 satellite
772 2099 912 2168 variata:
946 2102 980 2167 &
1007 2095 1048 2171 sit

66 2190 193 2262 Radius
222 2194 337 2264 orbitae
370 2195 506 2266 satellitis
535 2191 575 2265 ad
612 2197 746 2266 alterum
776 2193 901 2266 radium
932 2195 965 2265 in
995 2219 1056 2268 ea-.

62 2284 141 2358 dem
172 2288 304 2359 ratione.
352 2293 428 2360 Erit
457 2312 529 2362 tum
549 2290 670 2384 ubique
696 2287 841 2362 distantia
868 2293 1004 2363 satellitis
1029 2295 1048 2363 3

62 2385 213 2481 primario
245 2382 284 2456 ad
317 2381 495 2457 distantiam
527 2389 608 2458 Solis
633 2389 664 2458 in
689 2385 760 2459 data
785 2390 928 2459 ratione:
962 2387 1047 2458 unde

63 2507 104 2553 ex
127 2479 201 2553 hac·
215 2479 389 2579 hypothesi
411 2485 492 2555 vires
517 2483 666 2556 absoluta
693 2485 936 2578 perturbatrices
953 2482 1049 2556 essent

63 2600 103 2655 ut
130 2582 212 2651 vires
230 2580 380 2651 absoluta
395 2579 486 2660 Solis,
511 2577 577 2651 five
597 2576 633 2652 in
654 2579 814 2675 duplicata
839 2583 889 2650 illa
914 2583 1046 2675 ratione.

63 2678 147 2757 ,Hoc
168 2675 355 2749 obtinuisset
376 2672 592 2775 srsystematis
616 2674 791 2755 secundarii
813 2676 917 2747 radius
937 2673 1049 2747 eadem

65 2776 185 2845 ratione
200 2772 346 2848 crevisset
363 2796 418 2846 aut
432 2770 621 2846 decrevisset
639 2793 736 2866 atque
752 2775 762 2843 i
786 2773 812 2843 sa
832 2776 910 2844 Solis
929 2769 1048 2843 distan-

64 2873 110 2943 tia
125 2895 268 2944 creverat
283 2894 338 2945 aut
361 2871 567 2944 decreverat:
594 2874 636 2947 ita
655 2892 693 2943 ut
712 2797 823 2943 eadm
847 2867 922 2940 esset
942 2866 983 2940 ad
1000 2871 1050 2940 in·

64 2970 171 3041 vicem
197 2973 278 3042 ratio
298 2995 371 3064 quae
385 2972 484 3067 prius.
510 2967 572 3041 Sed
587 2994 662 3040 cum
676 2966 782 3049 radius
799 2970 973 3039 nullatenus
991 2965 1049 3040 de-

64 3065 179 3138 crescat
200 3067 368 3140 accedente
397 3069 486 3147 Sole‚
512 3091 569 3138 nec
590 3088 741 3164 augeatur
763 3063 941 3146 recedente,
965 3067 1047 3136 ratio

62 3159 120 3233 ista
140 3163 299 3260 duplicata
318 3167 379 3236 erit
396 3166 514 3243 iterum
532 3161 674 3260 augenda
699 3164 818 3234 ratione
838 3165 930 3234 altera
952 3159 1049 3258 ipsius

63 3258 218 3334 distantia
248 3264 385 3337 satellitis
417 3264 435 3334 a
466 3262 627 3358 primario,
685 3259 785 3331 Unde
812 3261 931 3357 integra
965 3259 1073 3351 ratiti¹¹¹¹

63 3357 238 3454 composrta
266 3363 327 3432 erit
344 3360 456 3460 prioris
469 3358 635 3455 triplicata.
674 3362 679 3370 '
686 3363 735 3455 Q.
743 3363 784 3426 E.
792 3363 839 3427 D.
966 3360 985 3379 ’·

112 3477 262 3571 Exempli
278 3477 376 3572 gratia
388 3500 399 3556 3
427 3474 618 3570 supponatur
646 3472 700 3541 Sol
725 3468 826 3566 duplo
845 3469 943 3564 quam
958 3470 1050 3566 ptius
1089 3536 1091 3539 .

66 3570 197 3640 Telluri
229 3574 370 3666 propior,
396 3568 462 3642 sive
493 3590 530 3641 ut
559 3590 600 3661 50
629 3564 670 3638 ad
704 3591 779 3639 100.
830 3572 876 3639 Et
909 3563 948 3637 lit
979 3562 1049 3635 AB

62 3661 218 3736 diameter
242 3672 369 3758 aqualis
398 3667 536 3764 partibus
567 3662 709 3758 duabns,
742 3666 801 3735 erit
826 3666 872 3736 vis
897 3661 1048 3736 absoluta:

64 3763 144 3834 Solis
176 3764 331 3856 quantitas
350 3762 393 3838 ad
418 3767 500 3853 Sin
527 3760 671 3837 distantia
699 3762 840 3859 minore,
873 3751 1051 3867 quadruple

943 3856 1052 3949 ‚quin-
