2438 4328
113 132 161 183 ιο
378 84 821 182 precinentem

110 246 304 348 Hyperbola
314 245 435 345 semper
445 264 551 319 manet
562 243 634 318 data
649 242 715 317 slve
730 244 892 317 invariata.
923 248 976 320 Sic
994 248 1021 321 si
1040 250 1103 321 dl

110 347 235 515 setnpdeart
244 343 353 425 detur,
378 347 480 417 erit&
493 345 547 443 gd
565 347 597 416 iu
613 341 761 416 distantia
773 341 898 417 infinite
914 348 1105 444 petralem·

236 466 266 513 a.

108 460 266 637 Palm.)
282 544 366 610 Area
375 536 530 635 Ellipletos
541 536 634 610 estad
642 563 741 610 aream
751 539 864 610 circuli
872 541 1105 641 circumscripti

110 639 236 710 oraxis
263 639 368 708 minor
386 633 427 706 ad
445 636 612 726 majorem3
640 644 674 708 &
697 639 742 708 ita
759 634 830 708 sunt
846 638 927 708 inter
949 636 978 711 le
1066 664 1103 713 es

110 732 382 831 correspondentes
393 734 607 826 quelibetut:
623 740 742 813 MJK,
755 739 854 803 mIK
860 760 872 818 3
887 741 985 809 &Or
1009 740 1104 810 inatae

108 830 151 904 ud
178 857 269 903 axem
290 830 442 923 majorem
467 851 506 903 ut
533 839 611 902 Ml
626 829 837 903 dividuntura
858 832 1030 932 peripheria
1054 837 1108 907 el·

108 930 268 1027 lipticaut
284 930 375 1002 Min
393 926 505 1001 eadem
519 927 637 1029 semper
648 931 792 1012 rationee
817 929 908 1001 itaut
919 939 996 1002 Ml
1004 929 1043 1004 lit
1059 931 1103 1004 ad

106 1032 175 1095 ml
189 1028 221 1097 in
240 1024 351 1100 eadem
369 1026 489 1099 ratione
505 1022 591 1109 data,
615 1050 739 1125 nempe,
764 1027 796 1098 in
815 1029 936 1099 tatione
956 1032 1021 1102 axis
1037 1032 1107 1102 mi·

109 1123 192 1197 norit
205 1121 245 1195 ad
257 1124 423 1215 majorem.
472 1128 593 1219 Neque
608 1126 698 1196 aliter
718 1121 761 1195 de
776 1124 902 1196 circulo
914 1124 1029 1225 Ellipli
1051 1130 1104 1200 in-

108 1220 227 1317 scripto
241 1219 288 1292 est
306 1218 570 1293 ratiocinandum.
662 1306 665 1313 ¹
825 1261 829 1269 ·

160 1325 253 1415 (14)
280 1318 571 1415 Parallelogramma
583 1319 688 1389 omnia
703 1318 788 1389 circa
804 1316 975 1391 diametros
994 1323 1104 1418 Ellip-

101 1416 185 1487 'leue
203 1415 383 1515 conjugatas
404 1413 577 1512 descripta,
603 1422 637 1485 δι
654 1412 787 1512 Ellipsrn
801 1415 1103 1515 comprehendentia

109 1512 181 1585 sunt
193 1512 314 1605 ubique
333 1515 475 1605 aequalia.
526 1516 578 1586 Sic
596 1512 925 1610 Parallelogrammum
943 1524 1039 1601 atqu*
1052 1513 1101 1587 est

109 1612 230 1705 equale
243 1612 535 1707 Puallelogrammo
550 1622 644 1702 agir:
670 1616 704 1680 &
721 1607 766 1679 fic
780 1610 915 1705 ubique.

160 1714 269 1799 (15.)
298 1710 331 1779 si
351 1708 432 1791 linea
456 1708 541 1779 reela
566 1731 622 1804 per
648 1707 798 1778 focomm
822 1710 954 1780 alterum
980 1708 1103 1806 semper

102 1802 253 1877 transiens
263 1806 306 1877 ita
313 1825 480 1877 moveatur
486 1824 523 1876 ut
536 1830 605 1876 area
614 1807 756 1902 elliptica
768 1804 808 1874 ab
822 1803 933 1878 eadem
943 1803 1101 1903 descripta

109 1898 151 1973 lit
164 1924 229 1974 tem
273 1905 302 1974 ri
315 1902 678 1999 pmpottionalis,motus
692 1901 843 1997 angularis
856 1905 945 1974 lineae
953 1904 1046 1974 reeta
1059 1904 1102 1975 ab

39 2036 51 2103 ς
106 2001 204 2071 altero
259 2024 300 2069 co
315 1997 356 2070 ad
371 2001 507 2092 priorem
528 2001 560 2069 in
582 2022 678 2069 curva
694 1995 792 2068 dueta
807 2002 867 2071 erit
881 2000 947 2072 fere
957 2002 1103 2093 aequabi-

93 2096 157 2167 lis.
214 2096 266 2165 sic
285 2095 351 2165 sane
371 2097 404 2165 in
421 2093 631 2166 delineatione
652 2093 810 2187 Ellipseus
833 2100 974 2194 luperius
997 2098 1101 2177 allata,

109 2187 134 2262 li
147 2192 191 2262 ita
207 2192 297 2263 linea·
309 2196 376 2261 ΗΒ
394 2212 500 2263 motus
513 2195 666 2291 anguinis
677 2189 753 2262 esset
765 2212 965 2290 temperatus,
986 2215 1025 2264 ut
1039 2217 1102 2290 pro

96 2289 267 2385 ¹reciproci
282 2286 440 2385 distantiae
455 2290 573 2360 ratione
597 2291 786 2360 acceleratus
811 2294 863 2362 vel
879 2289 1049 2362 retardatus
1062 2318 1099 2362 a·

105 2410 192 2466 ream
209 2386 317 2465 ΕΗΒ
331 2389 470 2483 tempori
485 2410 545 2482 pro
618 2387 751 2457 ionalem
767 2383 986 2484 descripfiffee
1012 2393 1102 2460 Mo-

107 2504 158 2557 ttu
170 2485 322 2579 angularis
338 2488 424 2553 KIB
442 2486 524 2556 circa
535 2407 648 2556 iginum
666 2484 800 2554 alterum
819 2492 842 2555 I
849 2483 924 2558 ellet
937 2486 1003 2557 fere
1014 2506 1101 2556 tem-

105 2579 1099 2772 ll‘lssllill'fflnilllllqlln‘lllssll'llll

94 2773 193 2874 iipfis
208 2800 225 2845 a
245 2776 380 2855 Circulo
391 2798 454 2846 non
467 2774 643 2848 admodum
656 2772 789 2848 recedit.

67 2923 107 2999 't'
156 2892 226 2962 feb.
241 2919 274 2988 7.
305 2898 403 2988 ηοξ.

91 3080 96 3089 .
134 3060 255 3077 ‘nun-u·-

88 3252 239 3426 'UT
256 3261 320 3352 jam
342 3262 382 3343 ab
406 3261 521 3361 Ellipfi
542 3263 582 3337 ad
607 3264 788 3337 Parabolam
814 3266 1012 3348 transeamus,
1042 3269 1094 3338 Sit

221 3362 286 3428 DI
296 3360 375 3430 linea
387 3362 470 3430 'reela
489 3359 611 3433 infinita
622 3389 634 3444 3
660 3364 755 3456 eique
777 3361 817 3434 fit
836 3366 932 3436 etiam
946 3367 1026 3437 linea
1044 3390 1094 3434 re·

84 3448 154 3561 Jst‘ia
171 3452 294 3525 infinita
311 3462 364 3533 IL
388 3457 667 3553 perpendicularis.
718 3463 866 3555 Accepto
885 3462 997 3552 jamin
1015 3463 1094 3531 linea

84 3547 165 3653 {ps
187 3552 442 3647 pundo-quovis
463 3576 502 3627 ut
526 3560 564 3637 F,
588 3553 756 3647 divisique
781 3555 924 3628 bifariam
945 3560 1025 3628 linea
1044 3563 1099 3627 FI

79 3644 133 3759 'in
149 3648 272 3747 punsto
293 3653 341 3732 T,-
358 3650 517 3739 Punctum
530 3651 732 3726 illud-Terit
744 3660 860 3725 'Jeme
869 3658 1036 3753 primipalis
1052 3653 1093 3733 fi·

107 3764 121 3808 ²»
1001 3774 1088 3850 gurae
