2438 4328
255 121 939 225 marco-mmeramme.
1018 170 1082 248 ¹75

108 284 217 358 uersus
235 287 276 353 S:
302 281 366 355 boc
388 281 448 365 est,
471 282 851 364 abhvellversussa
876 282 929 353 vel
963 330 973 351 .
1022 285 1090 357 Nl·

107 387 230 464 mirum
248 382 280 492 in
299 379 455 493 posnione
474 389 501 451 P
525 382 640 454 satelles
662 383 763 479 magis
784 376 888 450 tendit
970 379 1091 460 Solem,

109 504 209 574 quam
225 502 387 576 prrmarrua
407 479 495 560 suus3
522 501 618 574 atque
639 476 675 550 id
693 473 867 550 secundum
884 471 1096 549 nanim

110 575 170 676 ipsi
185 580 253 677 Q
264 576 438 673 parallelum
452 573 579 651 excessu
590 581 678 648 MS.
692 581 739 648 Et
749 577 782 646 in
789 571 945 673 positione
949 594 984 669 p,
1003 571 1095 646 satel-

111 677 156 745 les
166 677 272 746 minus
279 671 382 748 tendit
396 673 435 745 ad
449 675 554 747 Solem
571 697 669 769 quam
683 674 864 770 primarius,
887 698 904 743 a
942 668 1029 742 ueid
1048 670 1097 743 st·

111 769 256 843 cundum
270 766 401 841 eandem
415 769 634 852 directionem,
649 768 708 867 ipsr
732 774 797 866 QS
819 769 932 866 par-ulle
995 810 1007 849 ‚
1033 765 1121 841 de-.

113 866 204 955 fanu
222 871 293 937 mS.
340 866 444 956 Quod
463 865 577 940 eodem
593 870 724 941 omnino
735 865 866 947 redibit,
885 888 922 939 ac
941 862 967 937 st
986 865 1097 938 exces

114 962 183 1035 sum
204 969 294 1042 MS,
318 964 358 1034 ab
371 969 414 1042 L,
432 965 539 1036 versus
552 971 596 1049 1³3
618 973 653 1037 δι
671 963 835 1060 destdlum
848 966 926 1042 mS,
944 961 984 1034 ab
988 966 1098 1056 fter*

113 1060 162 1132 sus
177 1064 207 1143 l3
235 1056 301 1131 five
315 1057 531 1134 excessumab
554 1071 609 1136 M
613 1071 615 1075 ’
626 1061 732 1136 versus
754 1067 791 1141 Β,
816 1067 850 1132 &
868 1057 1031 1133 neretum
1054 1060 1097 1133 ab

115 1166 149 1227 an
171 1155 278 1229 versus
299 1161 325 1225 S
348 1155 560 1233 aestimemus:
598 1163 651 1233 vel
674 1185 710 1232 ac
734 1153 760 1229 fi
783 1156 900 1230 satelles
924 1154 1098 1231 hincinde

114 1255 132 1324 b
151 1254 228 1326 Sole
242 1251 366 1353 duplici
380 1252 422 1325 ad
440 1277 541 1353 partes
569 1256 727 1358 oppositas
751 1251 847 1328 limus
866 1256 1018 1349 utrinque

115 1348 222 1446 posrto
239 1351 484 1446 perturbaretur.
534 1355 609 1429 Ubi
625 1359 710 1428 enim
723 1353 894 1425 Primariut
909 1353 931 1424 'l
945 1351 1017 1424 secu

116 1448 170 1518 rio
197 1462 273 1518 vero
297 1450 493 1522 attractionis
513 1449 641 1524 excessu
659 1451 765 1528 versus
785 1452 893 1522 Solem
910 1446 1094 1531 retrahimur,

115 1538 251 1621 effeetus
263 1542 361 1616 iidem
384 1548 472 1645 plane
489 1547 594 1622 futuri
610 1549 680 1624 sunt
694 1547 971 1644 quinquereme
986 1571 1098 1619 omncs

118 1639 230 1732 quoad
243 1643 426 1738 primarium
448 1651 483 1716 δι
503 1644 588 1745 apud
606 1670 681 1719 eum
695 1643 861 1726 sensibiles,
885 1646 992 1739 quales
1010 1669 1097 1717 nmtc

113 1734 216 1809 solum
232 1737 427 1836 indagamus,
451 1740 475 1814 fi
496 1747 633 1816 immo
654 1744 803 1843 primario
822 1740 1020 1813 stcundfflrn
1043 1764 1099 1812 ea-

112 1829 188 1905 dem
217 1837 409 1910 attradlionis
433 1838 659 1914 differentiain
680 1863 780 1941 partes
802 1841 820 1911 b
849 1840 921 1910 Sole
940 1835 1100 1934 oppositae

115 1928 352 2006 abstraheretur.
401 1939 485 2009 Haec
501 1961 607 2012 autem
628 1941 676 2010 vis
695 1941 788 2011 tertia
805 1962 847 2008 ex
871 1935 1097 2008 atti-aeliotarum

116 2024 175 2123 ipsr
199 2036 227 2098 S
235 2039 271 2117 ρ
285 2033 498 2130 parallelarum
510 2034 688 2110 differentia
702 2033 848 2115 oriunda,
873 2059 950 2105 cum
969 2029 1010 2106 ad
1022 2056 1102 2105 cen-·

111 2140 201 2194 trum
221 2130 246 2190 S
268 2150 331 2199 non
346 2129 466 2210 tendat,
491 2158 594 2229 neque
614 2137 663 2206 vis
685 2137 805 2235 integra
822 2131 989 2204 extribus
1008 2127 1095 2203 hisce

113 2220 288 2314 composita
315 2229 431 2308 totalis,
456 2250 567 2328 nempe
592 2233 643 2303 illa
665 2256 729 2325 qua
754 2233 881 2303 Satelles
903 2252 1015 2301 revera
1036 2253 1096 2300 ur·

114 2335 226 2409 getun
250 2316 291 2388 ad
315 2344 459 2395 centrum
484 2326 598 2399 tendit.
646 2333 817 2427 Quaprop-

117 2431 168 2480 ter
201 2416 326 2486 Satelles
356 2443 419 2490 non
443 2420 599 2495 describet
633 2448 713 2496 areas
751 2428 816 2496 cir·
899 2456 972 2525 frop.
1000 2463 1036 2527 ¹7
1059 2445 1097 2518 ό.

116 2530 154 2578 ca
184 2513 327 2609 primarii
359 2535 502 2590 centrum
530 2520 714 2613 aequabiles,
747 2521 814 2593 five
865 2529 912 2587 18.
928 2529 1010 2604 prim

117 2610 315 2706 temporibus
352 2617 609 2712 proportionales.
670 2616 732 2689 Sed
766 2619 817 2688 vit

118 2698 189 2776 haec
247 2716 367 2789 rMS,
392 2714 444 2784 vel
466 2720 528 2783 mS
550 2711 693 2813 exposita
704 2738 845 2786 arearum
853 2711 1102 2807 descriptionem

118 2822 208 2892 aequa
231 2808 317 2886 ilem,
343 2804 408 2880 srve
423 2813 620 2908 temporibus
633 2812 911 2908 proportionalem,
936 2807 1105 2907 perturba-

117 2897 178 2970 bit.
229 2907 356 3000 Nempe
373 2908 405 2978 in
425 2907 613 2981 semicirculi
639 2913 738 2979 CAD
755 2905 927 3004 quadrante
954 2908 1025 2985 CA,
1040 2929 1105 3003 po-

119 2992 180 3068 srto
207 3023 299 3073 motu
318 3001 479 3076 menstruo
497 3030 553 3104 per
570 3014 618 3077 A.
638 3012 684 3076 D.
705 3012 740 3074 B.
759 3013 791 3076 C.
818 3007 857 3076 ab
881 3001 1048 3074 occidente
1068 3005 1115 3100 in

116 3096 270 3170 orientem
286 3102 423 3195 peralbo,
447 3124 574 3175 motum
589 3103 735 3175 Satellitis
746 3105 831 3175 circa
856 3109 881 3172 S
903 3103 921 3172 l
946 3099 1103 3172 cvcrfirs

118 3195 165 3272 Aa
176 3191 298 3268 factum
312 3196 517 3294 conspirando
534 3203 707 3273 accelerat:
739 3199 811 3296 post
827 3197 1101 3288 cmjmttionem

121 3313 197 3362 vero
218 3295 251 3364 in
272 3301 319 3374 A,
346 3296 376 3365 in
406 3296 578 3389 quadrante
603 3304 692 3377 AD,
717 3295 936 3370 contrariando
954 3293 1104 3367 retardat.

123 3391 259 3462 Satellite
282 3414 388 3464 autem
411 3394 450 3465 ad
470 3395 695 3489 quadraturam
720 3397 803 3467 circa
828 3401 863 3466 D
887 3414 1040 3491 pervento
1068 3417 1104 3463 e-

122 3489 259 3559 vanescit
288 3493 337 3561 vis
361 3494 453 3561 tertia
477 3499 580 3573 MS,
606 3494 659 3564 vel
689 3496 759 3561 mS.
795 3492 971 3587 (quoniam
1002 3496 1116 3587 QG.

119 3585 172 3654 vel
197 3584 294 3684 Qt·
313 3593 383 3683 ,ἐζ-Ρ
404 3590 456 3660 vel
481 3596 556 3686 Qp:
584 3615 620 3662 ac
634 3586 766 3685 proinde
779 3591 922 3661 ctiam&
940 3589 1027 3684 §Uo
1052 3586 1107 3659 vel

119 3683 184 3775 Ql
204 3702 282 3752 tunc
300 3687 432 3777 aquales
451 3686 560 3776 sunt.)
612 3691 658 3760 Et
670 3684 800 3782 proinde
808 3689 857 3759 vis
871 3709 928 3782 per
935 3685 1021 3756 illam
1030 3684 1108 3756 ubi-

118 3800 184 3871 que
199 3777 351 3876 expostte
374 3784 452 3855 nulli
469 3781 523 3856 hic
542 3786 609 3859 loci
624 3781 758 3858 effeetus
775 3779 837 3857 esse
860 3779 1001 3884 possunt.
1022 3844 1025 3851 ,
1050 3785 1110 3947 Sp*

205 3914 213 3921 ··
1046 3897 1108 3951 tc.-
