2438 4328
259 143 940 217 PHrstco-MATHEMATIM.
1016 143 1082 241 285

105 277 141 347 vi
154 270 323 372 urgebitur
330 300 342 354 ;
357 278 391 343 &
405 294 511 343 omnes
545 274 685 344 articula
696 291 827 343 mutuos
839 291 971 342 conatus
985 293 1091 364 neque
1107 304 1110 309 ·

106 374 308 442 accelerantes
324 391 426 465 neque
438 390 519 440 retur
580 393 625 442 tes
636 372 704 466 pari
716 368 837 465 semper
848 368 1020 440 velocitate
1032 367 1092 440 de·
1103 418 1111 437 -.

106 467 265 548 scendent,
289 472 323 536 ὅ(
347 468 460 560 aquali
477 467 512 538 vi
534 469 701 539 interram
722 467 938 564 gravitabunt.
987 464 1092 553 Quod

106 589 185 637 vero
199 589 241 635 ex
282 566 414 635 rimenta
426 588 599 663 corporum
611 561 823 662 pendulorum
840 561 884 634 stc
900 563 930 633 se
946 561 1093 659 habeant,

106 665 195 759 prius
208 588 427 734 ollindimus:
454 668 567 733 &rem
583 661 744 760 sigillatim
756 661 891 733 tentavit
909 664 1094 732 Newtonua'

107 763 140 831 in
152 784 243 840 auro,
264 777 409 856 argento,
434 760 579 854 plumbo,
604 762 703 837 vitro,
728 782 827 836 arena,
847 757 1095 838 salecommuni,

106 860 207 953 ligno,
233 880 323 948 aqua,
348 862 382 926 bc
401 857 513 928 tritico
529 881 559 927 e.
573 881 607 953 g.
633 860 785 927 Duarum
802 851 956 926 Pixidum
976 856 1095 952 lignea·

110 979 182 1024 rum
200 950 409 1025 rotundarum
421 958 455 1023 δι
470 955 641 1047 equalium
659 978 760 1024 unam
770 953 918 1049 implevit
933 952 1042 1048 lign03
1059 957 1096 1023 dc

111 1048 197 1123 idem
209 1052 279 1122 auri
294 1048 419 1147 pondus
435 1049 591 1147 suspendit
603 1074 701 1144 quam
714 1050 822 1147 potuit
834 1050 944 1120 exasle
964 1051 996 1119 in
1016 1051 1096 1120 alte·

109 1149 175 1222 rius
194 1169 302 1219 centro
319 1145 531 1220 oscillationis.
581 1145 708 1219 Pixides
721 1149 760 1217 ab
780 1148 953 1239 aequalibus
975 1142 1095 1244 pedum

110 1243 262 1316 undecim
286 1242 346 1315 silis
374 1242 541 1342 pendentes
572 1242 805 1316 constituebant
826 1242 960 1340 pendula
984 1239 1095 1338 quoad

109 1338 246 1438 pondus,
270 1339 417 1506 fipuram
444 1339 769 1415 &aerisreststentiam
780 1344 911 1413 omnino
920 1341 1013 1439 paria.
1047 1345 1096 1413 Et
1206 1389 1216 1397 -

114 1438 238 1534 paribus
262 1463 284 1507 o
297 1439 508 1511 cillationibus
531 1439 623 1528 juxta
642 1437 754 1536 pofita
777 1438 863 1509 ibant
879 1461 940 1510 una
962 1445 996 1508 δι
1012 1435 1100 1510 redi-

111 1535 186 1606 bant
198 1532 384 1606 diutissime.
399 1539 445 1606 Et
453 1537 485 1607 in
501 1536 687 1631 corporibus
701 1532 842 1625 ejusdem
857 1529 1016 1631 ponderis,
1028 1531 1098 1606 dif-

111 1631 244 1703 ferentia
262 1634 445 1725 quantitatis
457 1635 607 1714 materiae‚
629 1657 702 1727 quat
718 1633 771 1703 vel
782 1635 886 1703 minor
900 1630 976 1703 esset
994 1656 1095 1725 quam

114 1753 183 1825 pars
193 1727 356 1802 millefima
367 1733 505 1802 materiae
514 1733 626 1811 totius,
634 1727 683 1802 his
695 1730 918 1826 experimentis
929 1725 1097 1800 manifesto

115 1824 307 1923 deprehendi
326 1830 445 1925 potuit.
500 1833 573 1931 Jam
592 1852 670 1898 vero
696 1832 855 1900 Naturam
879 1827 1044 1924 gravitatis
1063 1825 1111 1897 in·

113 1926 250 1997 planetas
265 1925 403 2018 reliquos
422 1932 456 1995 &
471 1927 576 1997 Solem
596 1924 699 2021 ipsum
723 1922 854 1996 eandem
872 1921 933 1994 esse
953 1943 1049 2016 atque
1064 1924 1098 1995 in

115 2024 253 2093 Terram
271 2024 375 2095 nullus
393 2020 439 2094 est
451 2020 520 2094 satis
536 2024 673 2095 sonticus
689 2020 859 2094 dubitandi
870 2021 969 2098 locus.
995 2018 1099 2110 Quod

113 2120 208 2189 etiam
221 2142 262 2188 ex
277 2118 311 2215 fik
347 2146 380 2192 ra
392 2120 535 2191 omnium
548 2119 709 2219 sphaerica,
729 2143 784 2216 per
795 2138 947 2190 mutuum
960 2119 1098 2213 partium

116 2216 262 2286 omnium
284 2242 300 2286 a
344 2217 372 2285 se
389 2237 507 2288 mutuo
528 2219 756 2315 gravitantium
776 2213 1020 2313 aequipondium
1037 2236 1113 2285 nec·

117 2309 242 2381 aliunde
259 2310 351 2382 facile
363 2311 559 2394 deducenda,
584 2317 705 2407 liquere
763 2311 834 2386 test.
883 2320 995 2392 Porro,
1020 2314 1099 2383 Ele·

116 2408 183 2477 vari
205 2405 364 2503 fingantur
387 2434 520 2507 corpora
535 2408 604 2482 haec
625 2432 708 2482 terre
754 2413 782 2481 ia
801 2407 841 2481 ad
861 2409 961 2503 usque
985 2406 1100 2478 orbem

118 2508 232 2584 Lunae,
258 2510 292 2574 &
315 2530 376 2578 una
395 2532 472 2578 cum
494 2511 584 2579 Luna
607 2530 700 2580 motu
723 2508 811 2578 omni
825 2509 944 2602 privata
957 2503 1099 2584 demitti,

118 2622 156 2672 ut
173 2603 206 2673 in
219 2623 335 2674 terram
354 2601 449 2676 fimul
468 2601 599 2676 cadant:
627 2613 685 2676 Per
702 2626 803 2699 nuper
823 2601 956 2675 Ostensa
975 2623 1102 2673 certum

117 2696 268 2791 estquod
282 2701 478 2797 temporibus
493 2701 666 2794 equalibus
676 2698 852 2772 describent
866 2700 998 2799 aequalia
1009 2697 1105 2794 spatia

118 2816 214 2887 atque
238 2800 329 2869 Luna
350 2796 412 2894 ipsa
434 2797 647 2882 describeret3
683 2795 827 2891 adeoque
852 2795 944 2888 quod
968 2796 1038 2867 sunt
1061 2792 1102 2867 ad

117 2894 327 2984 quantitatem
341 2897 479 2967 materiae
487 2897 520 2968 in
530 2900 632 2975 Luna,
658 2916 696 2966 ut
711 2891 848 2992 pondera
864 2894 926 2973 sua,
952 2890 991 2964 ad
1005 2891 1102 2988 ipsius

120 2987 256 3086 pondus.
306 2999 476 3071 preterea,
508 2995 661 3084 quoniam
687 2991 836 3063 Satellites
856 2993 960 3103 Jovis,
992 2996 1027 3060 dt
1047 2995 1103 3065 Sa-

122 3089 207 3159 turni
222 3089 418 3186 temporibus
438 3091 650 3161 revolvuntur
668 3113 743 3182 quae
760 3087 832 3159 sunt
854 3113 885 3159 ru
902 3088 1023 3159 ratione
1044 3086 1102 3159 ses-

121 3186 273 3276 quialtera
285 3185 502 3259 distantiarum
520 3180 984 3297 aCentrisJovis&Satu1-ni‚
1009 3204 1103 3256 erunt
1183 3241 1187 3249 .

119 3305 232 3354 eorum
250 3286 419 3380 gravitates
435 3285 666 3355 acceleratrices
686 3307 718 3355 m
741 3287 859 3381 Jovem
883 3286 1102 3353 &Saturnum

120 3381 282 3474 reciproce
299 3402 335 3453 ut
356 3379 508 3474 quadrata
525 3379 743 3453 distantiarum
764 3380 803 3450 ab
822 3376 888 3450 istis
904 3379 1042 3449 centris:
1069 3385 1104 3448 δε

120 3497 282 3570 propterea
297 3477 501 3571 aequalibusi
522 3482 602 3576 Jove
625 3486 656 3548 &
676 3481 810 3548 Saturno
828 3473 981 3547 distantiis
1000 3477 1105 3546 omni·

121 3572 192 3650 bus,
206 3599 319 3646 eorum
330 3579 498 3671 gravitates
515 3577 743 3647 acceleratrices
760 3570 895 3656 evadent
909 3575 1058 3665 aequales5
1070 3577 1105 3642 δε

121 3694 255 3766 corpora
266 3676 372 3746 omnia
384 3698 474 3766 eque
486 3668 636 3747 afficient.
686 3675 799 3760 Atque
811 3667 941 3766 proinde
953 3670 1106 3766 tempori·

121 3766 180 3840 bus
196 3770 369 3865 aequalibus
386 3771 424 3844 ab
445 3770 616 3865 aequalibus
641 3765 864 3840 altitudinibus
885 3763 1034 3935 cadsenqpe
1048 3763 1105 3833 de-

948 3889 995 3936 cn
1035 3882 1105 3930 rent
