2438 4328
259 152 946 260 rHrS'scoaMATHEMATJM.
1053 217 1101 287 99

78 344 230 492 lidi
237 311 873 511 ,sleffllnl‘slllllbss
891 322 1104 518 stipsis
1160 480 1162 489 ,

113 522 203 588 ΜΚ
217 521 251 585 &
269 518 350 593 KL,
375 513 539 583 ueletiam
558 535 615 609 per
638 512 698 582 tria
722 518 785 580 ΕΙ
802 518 863 584 IK
876 521 964 600 KL3
992 518 1103 592 eadem

116 622 188 686 nem
240 634 281 683 ex
295 609 360 702 jam
377 604 596 680 demonstratis
606 630 704 703 quam
719 609 839 680 mobile
852 609 964 685 cadens
975 639 1105 712 perpen-

115 710 193 786 dicu
205 711 299 782 ariter
317 703 357 778 ad
369 706 527 805 punctim
548 712 577 776 6
595 707 756 799 acquirere
773 711 892 803 potuit.
941 718 1005 810 ‚Q
1003 720 1044 783 E.
1057 720 1104 787 D.

164 806 269 880 cmu
285 802 356 897 (ς.)
384 802 473 875 Hinc
488 804 592 896 liquet
610 804 718 883 etiam,
743 826 784 874 ex
800 804 941 896 ejusdem
958 812 1107 909 Hugenii

115 927 221 979 mente
242 899 346 997 quod,
372 922 428 998 per
447 901 559 974 circuli
582 899 885 985 circumferentiam,
911 909 964 978 vel
980 900 1112 1005 cycloi·'

115 1004 202 1084 dem,
227 1000 280 1076 vel
292 1020 426 1101 curvam
439 997 618 1093 quamlibet
633 999 748 1071 lineam
761 996 967 1076 descendente
978 1006 1107 1087 mobili,

114 1099 225 1174 eadem
242 1097 363 1196 semper
375 1098 569 1190 'acquiretur
589 1097 752 1173 velocitas,
774 1090 798 1167 sr
818 1097 857 1168 ab
870 1103 983 1195 aquali
998 1105 1107 1176 altitu-

114 1199 189 1272 dine
203 1188 427 1289 descenderet:
442 1187 476 1264 &
491 1188 583 1289 quod
596 1188 653 1266 ista
665 1194 819 1266 velocitas
832 1214 915 1270 tanta
929 1201 989 1271 erit
1007 1224 1108 1294 quan·

116 1309 310 1391 ramlcorpus
327 1286 400 1362 casu
412 1288 665 1388 perpendiculari
678 1310 719 1362 ex
739 1289 849 1363 eudem
868 1295 1036 1369 altitudine
1056 1324 1109 1370 ac·

116 1390 245 1488 quirere
260 1386 385 1459 debuit.
435 1388 515 1459 Sunt
528 1390 612 1460 enlm
634 1407 743 1461 curva
758 1391 847 1461 tinea
859 1389 948 1485 quafi
961 1419 1001 1466 ex
1016 1398 1108 1469 innu·

118 1488 211 1559 merit
228 1482 322 1559 redis
335 1479 539 1579 compositam
567 1490 601 1558 dt
623 1508 698 1558 cum
717 1508 792 1560 vera
813 1480 853 1561 lit
870 1489 1050 1590 propositio
1072 1481 1106 1567 iti

122 1577 549 1683 perimetrisredilinealibus
568 1602 792 1683 quotcunque,
826 1606 901 1658 vera
922 1589 1019 1662 eciam
1042 1592 1105 1663 erit

117 1680 174 1754 ubi
198 1690 327 1753 numera
346 1678 418 1750 sunt
433 1672 578 1760 infinitae,
603 1676 667 1751 huc
678 1675 735 1760 est,
751 1681 810 1752 ubi
827 1685 859 1755 in
882 1686 976 1757 lineas
994 1711 1108 1760 curvas

120 1773 278 1852 defluam
332 1782 373 1848 0.
384 1782 424 1846 E.
435 1782 483 1848 D.
822 1856 824 1860 ⁸

164 1879 272 1948 ‘coast
294 1850 373 1961 (ὦ
390 1870 481 1946 Hinc
497 1873 594 1946 etiam
616 1872 720 1967 liquet
740 1870 835 1966 quod
861 1871 886 1947 li
908 1872 1108 1975 grauedde·

119 1965 223 2045 scensu
237 1962 358 2047 sursum
374 1972 682 2044 convertatmotum
701 1969 807 2050 suum,
833 1962 976 2061 ascendet
989 1973 1112 2047 asem.

117 2064 193 2141 dem
204 2066 288 2144 unde
307 2069 397 2141 venit
419 2067 619 2142 altitudinem
637 2090 692 2164 per
713 2067 918 2166 quascunque
938 2072 1040 2171 planas
1057 2071 1110 2145 su-

123 2165 266 2262 perficies
285 2167 450 2264 contiguas
463 2164 813 2262 &quomodocunque
836 2168 996 2243 inclinatas
1012 2169 1111 2244 inces·‘

119 2263 217 2333 serie·
252 2264 380 2361 Nempe
392 2281 430 2334 ut
445 2264 468 2310 ⁴²
483 2266 580 2362 prius,
605 2256 716 2337 eadem
735 2266 803 2335 erit·

120 2360 272 2451 velocitas
296 2356 328 2429 in
355 2361 478 2456 pundo
506 2364 624 2455 quovis
649 2366 685 2429 K
702 2367 735 2432 &
758 2367 796 2440 I,

127 2455 195 2527 sive
217 2479 312 2554 grave
333 2452 513 2536 descendat,
539 2456 605 2530 srve
630 2454 796 2538 ascendat3

122 2551 207 2625 unde
228 2574 314 2624 certe
329 2559 363 2622 δι
378 2550 465 2624 idem
484 2551 545 2625 erit
570 2555 749 2626 velocitatis
770 2549 959 2625 ascendentis
981 2551 1034 2622 vel
1053 2547 1112 2623 de·

121 2643 297 2722 scendentis
310 2651 419 2721 Limes
442 2646 508 2721 five
528 2653 680 2722 terminus
691 2646 731 2719 ad
746 2651 903 2745 pundum
920 2655 960 2718 E.
1010 2647 1114 2718 Unde

120 2743 258 2818 etiamsi
280 2746 403 2818 infinita
419 2743 521 2819 fuerit
535 2748 702 2844 planorum
714 2743 906 2825 multitudo,
932 2742 996 2814 hoc
1015 2741 1072 2820 est,
1089 2741 1115 2815 sr

123 2841 301 2941 superficies
320 2841 360 2915 srt
380 2868 489 2924 curva,
510 2842 630 2916 mobile
652 2839 806 2942 perhanc
827 2860 964 2914 curvam
980 2862 1116 2934 quoquc

119 2934 160 3013 ad
172 2962 240 3013 eam
250 2965 291 3012 ex
304 2967 368 3035 qua
382 2940 471 3013 venit
479 2940 681 3033 altitudinem
690 2964 747 3013 nec
760 2943 854 3020 ultra,
866 2935 1012 3036 adauget.

173 3041 276 3109 Coratl.
298 3037 368 3132 (7.)
401 3039 435 3109 Si
459 3039 580 3111 mobile
605 3037 697 3112 cadat
710 3036 1028 3136 perpendiculariter,
1060 3035 1114 3107 vel

123 3156 179 3234 per
192 3136 368 3230 quamlibet
384 3131 584 3233 superficiem
609 3132 789 3215 descendat,
814 3160 850 3206 ac
865 3133 972 3206 rursus
990 3135 1115 3229 impetu

124 3256 165 3306 cx
183 3230 331 3306 descensu
354 3255 511 3330 concepto
557 3258 592 3306 er
608 3233 787 3327 quamlibet
808 3229 1114 3305 aliunseratursur·
1151 3278 1152 3282 =

123 3332 204 3412 sum,
229 3327 360 3402 habebit
379 3258 573 3403 ascendendo
594 3355 631 3402 ac
650 3327 869 3402 descendendo
885 3331 915 3400 in
931 3328 1056 3425 punctis
1072 3352 1116 3399 κ-

125 3450 190 3519 que
212 3426 280 3499 altis
302 3425 433 3501 eandem
452 3426 573 3524 semper
594 3429 820 3500 velocitatem:
849 3434 883 3498 δε
902 3423 925 3496 si
941 3423 1118 3524 superficies

127 3522 970 3628 ascensussitsuper'ficeidescensussimilis&ssaequalis3
1003 3521 1117 3616 aquali

126 3618 434 3717 temporeQascendet
451 3640 520 3718 quo
540 3623 627 3720 pritts¹
646 3614 871 3715 descenderat(
903 3619 992 3717 ,Hac
1004 3640 1115 3719 nempe

128 3712 210 3788 adeo
226 3716 477 3821 liquid01etcjam
485 3714 704 3797 demonstratis
717 3719 905 3815 sequunttu,
924 3728 964 3794 ut
972 3716 1117 3820 pluribus

884 2332 905 2376 *
924 2341 996 2410 Prop.
1014 2344 1042 2403 ς.

846 2413 903 2469 th.
914 2414 969 2487 fig.
984 2422 1011 2488 p.
1022 2429 1071 2485 97.

658 3916 747 3993 'Ha
