2438 4328
258 104 944 194 pnrsrcO·MA-THEMAnJc2AE‚
1062 139 1106 212 37

111 240 292 321 velocitate,
305 235 424 334 duplus
442 234 488 307 est
495 263 506 319 3
535 241 570 306 &
593 232 692 333 dupld
712 262 788 309 cum
813 241 983 313 velocitate
1012 230 1094 338 qui·

112 336 253 434 druplus.
302 336 577 432 Quantirasigitur
589 337 729 406 materiae
742 333 1094 434 estrestangulodenfi·

112 438 181 506 tatis
195 437 226 506 in
240 427 493 531 magnitudinem
506 429 615 502 dueeae
622 434 750 525 aequalis
756 460 767 517 ς
797 439 831 503 &
844 438 1010 523 Qantitas
1022 466 1094 512 mo-

110 531 160 610 rsu
174 530 417 630 estredangulo
430 530 801 608 velocitatisiomaterioe
814 534 1094 625 quantitatemdu·
1211 597 1217 619 ,

110 631 169 701 ἅτ
178 630 318 723 aequtlis.
368 627 469 704 Unde
483 626 551 699 sane
567 627 650 698 vires
663 627 880 702 machinarrun
893 635 1039 704 omnium
1046 634 1105 705 sav·

109 727 227 798 cillime
242 725 465 799 deducuntur:
493 731 581 799 Nam
597 725 1045 820 ubicunqueinmachinarum
1052 755 1095 806 tes

110 825 269 919 quilib'rio
283 847 397 921 corpus
411 822 512 915 majus
524 821 596 903 est,.
608 823 809 922 ibicorporis
823 824 912 899 istius
924 828 986 900 erit
999 828 1093 900 tanto

109 924 215 997 minor
238 924 375 994 celeritas
382 950 393 1005 ;
421 929 455 993 δι
478 921 535 993 ubi
558 945 674 1018 corpus
687 924 791 994 minus
805 921 864 1004 est,
891 923 938 995 ibi
951 927 1094 1022 corporis

109 1017 198 1098 istius
214 1041 302 1092 tanto
317 1020 418 1112 major
440 1022 501 1093 erit
523 1020 680 1102 celeritas3
708 1023 751 1094 ita
764 1043 802 1092 ut
816 1024 971 1114 quantitas
986 1019 1094 1094 mortis

110 1141 151 1188 ex
165 1141 299 1215 corpore
312 1121 344 1190 in
359 1120 562 1191 velocitatem
579 1115 664 1188 suam
679 1117 781 1191 duero
795 1116 836 1190 fit
851 1119 970 1216 semper
991 1121 1094 1201 utrin-
1115 1140 1140 1229 'q

108 1238 173 1308 que
189 1218 337 1308 aequalis3
365 1217 414 1288 uri
430 1215 559 1287 inferius
573 1215 716 1312 pluribus
732 1213 871 1289 dicetur.
1047 1213 1050 1218 ’
1139 1232 1142 1238 ·

161 1321 254 1398 (12.)
284 1316 431 1385 M‘ateriae
447 1315 508 1386 Vis
523 1311 613 1385 infita
627 1310 674 1384 est
693 1316 832 1409 potentia
854 1311 1015 1385 resrstendi
1030 1339 1095 1408 qut

110 1432 224 1504 corpus
238 1407 514 1503 unumquodque,
538 1430 695 1504 quantum
709 1412 740 1481 in
754 1408 783 1481 se
797 1409 854 1491 est,
880 1412 1094 1509 perseveratio

111 1504 194 1581 statu
207 1505 264 1581 suo
279 1505 528 1599 vel'quiescendi
543 1510 595 1580 vel
609 1505 761 1581 movendi
776 1508 982 1591 uniformiter
996 1511 1029 1581 in
1041 1508 1094 1581 di-

110 1605 237 1674 redum
251 1612 307 1701 pe'r
321 1605 434 1675 lineam
446 1605 576 1675 retiam.

158 1703 243 1772 Haec
258 1702 305 1772 vis
320 1702 562 1799 proportionalis
574 1699 620 1772 est
634 1702 691 1788 suo
708 1703 845 1797 corpori,
871 1701 1095 1797 nequedissert
1200 1781 1202 1785 ,

109 1795 567 1890 quicquamabinertiamassae,
582 1796 1018 1895 nis1inmodoconcipiendir
1039 1825 1096 1896 per

108 1896 253 1968 inertiam
266 1899 407 1968 materiae
416 1895 455 1969 fit
469 1917 506 1968 ut
514 1920 628 1993 corpus
634 1893 769 1966 omnide
777 1893 858 1966 statu
865 1894 979 1967 suovel
990 1895 1096 1990 quies·

109 1988 1095 2090 cendi,veiiomotusemelinceptopergendidifficulterdetur·

105 2087 218 2161 betur:
235 2091 335 2165 Unde
342 2094 437 2164 etiam
445 2089 515 2162 haec
525 2088 671 2164 visinsrta
679 2093 804 2162 nomine
814 2087 1096 2187 fignificantiffimo

112 2191 149 2252 V
143 2194 165 2261 is
179 2193 289 2260 Inerriae
302 2189 368 2262 dici
383 2185 490 2287 possrt.
540 2193 681 2260 Exercet
694 2187 774 2258 vero
792 2192 919 2285 Corpus
932 2185 1012 2260 hanc
1025 2188 1095 2260 vim

111 2278 316 2368 solummodo
325 2288 357 2357 in
372 2288 547 2358 mutatione
561 2283 658 2357 statiis
673 2284 731 2364 sui,
756 2308 812 2383 per
826 2287 895 2356 vim
909 2288 1001 2358 aliam
1016 2287 1048 2356 in
1064 2285 1095 2356 se

111 2375 288 2473 impressam
308 2381 391 2452 sada
398 2411 409 2464 3
436 2381 547 2476 estque
575 2385 766 2454 exercitium
792 2381 861 2471 ejus
882 2382 940 2453 sub
968 2380 1096 2453 diverso

109 2473 253 2570 respedtu
264 2484 303 2548 ³&
311 2477 500 2552 Resistentia
513 2487 547 2550 δι
563 2484 722 2577 Impetus:
741 2478 916 2571 Refistentia,
940 2501 1095 2572 quatenus

110 2595 225 2666 corpus
243 2572 282 2645 ad
295 2574 542 2648 conservandum
560 2575 676 2650 statum
695 2577 786 2648 suum
799 2578 972 2648 reludatur
985 2578 1020 2647 vi
1034 2578 1095 2647 im-

108 2664 237 2764 pressae3
271 2677 419 2767 Impetus,
444 2694 598 2767 quatenus
624 2697 738 2769 corpus
769 2672 855 2744 idem
873 2676 908 2744 vi
928 2671 1096 2744 resistentis

108 2764 263 2847 obstaculi
276 2767 453 2843 difficulter
475 2768 618 2842 cedendo
642 2791 775 2842 conatur
797 2768 914 2840 statum
934 2770 1002 2858 ejus
1021 2794 1094 2839 rnu-

109 2885 185 2939 tcre.
241 2863 431 2944 Rosrstentia
456 2866 591 2961 quidem
623 2867 870 2961 quiescentibus,
903 2873 937 2936 &
951 2871 1109 2963 Impetus·
1178 2881 1180 2884 ’

108 2963 311 3037 moventibus
318 2966 444 3063 proprie
452 2963 616 3059 loquendo
625 2961 963 3046 tribuendusvidetur3
981 2971 1014 3034 &
1026 2970 1095 3036 Im-

108 3079 219 3155 petum
232 3085 471 3154 quemcunque,
493 3063 550 3134 ubi
563 3088 735 3160 corporum
749 3067 884 3134 alterum
891 3061 1038 3152 quiescit,
1052 3087 1093 3132 ex

106 3158 336 3254 moticorporis
350 3160 473 3231 viribus
488 3158 644 3256 posrtivis,
658 3163 765 3258 potius
777 3183 874 3253 quam
885 3184 926 3230 ex
932 3158 1096 3252 quiescen-

108 3255 308 3351 tisnegativis
326 3257 485 3329 lubentius
503 3256 681 3334 deduxero.
976 3344 978 3347 ι
1024 3284 1026 3289 ’

158 3359 251 3447 (13.)
281 3354 342 3428 uis
364 3350 507 3444 impressa
530 3353 576 3425 est
600 3356 685 3427 aetio
710 3355 742 3424 in
765 3377 878 3448 corpus
901 3354 1040 3426 exercita
1055 3352 1096 3426 ad

107 3447 297 3523 mutandum
314 3450 382 3537 eius
395 3449 512 3523 statum
524 3454 577 3524 vel
588 3450 771 3546 quiescendi
785 3453 838 3523 vel
853 3452 1007 3525 movendi
1022 3453 1094 3540 uni7
1113 3481 1115 3486 ⁴

108 3545 256 3619 formiter
272 3551 304 3619 in
314 3546 488 3629 directum.
602 3575 606 3584 ’
827 3554 830 3559 ⁴
999 3552 1003 3559 '
1071 3555 1073 3559 ’

135 3711 138 3721 ,
158 3643 312 3718 Consrstit
322 3642 392 3720 haec
408 3646 455 3718 uis
466 3649 499 3717 in
510 3647 632 3727 ustione
643 3647 718 3727 sold,
736 3671 839 3741 neque
853 3646 925 3744 post
938 3647 1094 3720 aeriorem

108 3759 276 3836 permonet
291 3744 324 3819 in
340 3767 494 3842 corpore:
522 3743 700 3818 Porsenerat
714 3748 799 3818 enim
812 3770 931 3844 corpur
951 3747 984 3829 in
1010 3745 1102 3848 statu

210 3874 213 3878 ·
606 3845 642 3914 D
671 3867 685 3939 3
770 3901 781 3923 μ
1006 3860 1097 3914 omar
