2438 4328
219 136 901 213 rmorco-MATHEMATJM.
992 168 1055 245 ¹35

73 268 193 352 standi
211 264 329 347 ratio'ue
351 269 484 352 directe,
507 295 621 371 corpus
637 270 777 365 quodvis
797 273 829 345 in
853 300 887 347 ea
907 280 1055 352 revolve-

74 394 133 454 ret,
153 368 290 445 simodo
306 371 387 443 vires
408 372 588 465 centripetae
611 367 651 439 ad
674 372 831 466 punstum
857 376 989 446 centrale
1009 378 1057 447 es-

76 470 139 545 sent
167 471 249 543 iuter
279 466 309 538 se
336 470 367 539 in
395 467 457 567 ipsa
485 464 704 539 distantiarum
733 470 853 543 ratione
884 473 1059 568 reciproca.

78 576 164 643 Nam
195 564 221 639 fi
252 586 420 638 curvatura
448 564 479 637 in
511 564 684 658 equalibus
705 567 825 665 angulis
859 566 899 639 sit
925 592 966 641 ex
995 566 1061 667 hy-

73 661 197 766 pothesi
217 667 251 737 in
271 661 434 763 duplicata
446 658 600 734 distantia
613 665 731 735 ratione
752 662 887 746 directe,
908 666 971 736 erit
988 691 1062 737 cur·

72 785 184 836 vatura
202 759 279 833 dato
294 782 437 859 tempore
451 757 513 831 sem
536 785 569 831 er
577 759 636 831 fibi
649 763 777 855 aequalis
785 760 978 834 indistantiis
988 788 1062 835 om·

71 860 183 943 riibus;
205 862 322 930 &cum
334 858 484 930 velocitas
506 858 658 955 rtsemper
674 878 710 930 ut
727 856 872 932 distantia
884 860 1062 958 reciproce,

73 953 167 1029 erunt
180 957 261 1033 vires
270 958 463 1055 centripeta,
480 980 521 1025 ex
533 958 917 1029 curvaturauvelocitate
930 957 1064 1051 conjun-

72 1055 132 1126 slis
147 1052 349 1134 aestimandas,
367 1072 405 1126 ut
425 1050 571 1125 distantia
585 1054 759 1150 reciproce,
781 1058 814 1125 δι
832 1078 946 1152 corpus
962 1052 1064 1129 inista

75 1176 173 1224 curva
190 1150 391 1227 movebitur..
479 1156 590 1226 .E.D..

122 1251 175 1320 Sic
195 1251 304 1328 etiarn,
319 1246 341 1319 sr
356 1272 448 1341 quae
475 1270 507 1318 et
519 1273 619 1319 curva
633 1246 784 1346 regularis
794 1246 885 1340 cujus
894 1271 1064 1323 curvatura
1145 1258 1148 1263 '

74 1346 225 1439 lquovis
244 1346 366 1442 punclo
387 1345 514 1416 centrali
530 1340 604 1417 esset
625 1346 656 1416 in
677 1347 831 1441 triplicata
848 1343 1002 1418 distantiat
1017 1372 1067 1418 ra·

73 1446 161 1514 tione
177 1440 312 1521 difflue,
330 1438 469 1534 quodvis
485 1466 596 1539 corpus
616 1444 698 1516 inea
717 1445 907 1523 revolveret,
926 1442 950 1514 sr
965 1443 1067 1516 modo

72 1534 154 1610 vires
168 1540 351 1636 centripeta
372 1534 411 1608 ad
427 1536 582 1636 punslum
598 1539 731 1610 centrale
749 1536 846 1611 essent
860 1542 892 1611 in
918 1532 1067 1614 omnibus

71 1634 226 1708 distantiis
258 1635 404 1731 aquales.
455 1640 543 1706 Nam
579 1632 603 1704 fr
630 1658 797 1707 curvatura
826 1638 857 1706 in
890 1639 1067 1729 aequalibus

76 1728 195 1832 angulis
214 1724 254 1805 sit
272 1757 314 1804 ex
333 1728 507 1829 hypothesi
530 1734 560 1802 in
587 1732 743 1826 triplicata
770 1733 891 1802 ratione
913 1731 1069 1806 distantiat

75 1830 209 1912 direclu
226 1830 288 1903 erit
301 1826 470 1902 curvatura
489 1826 566 1900 dato
584 1849 727 1925 tempore
752 1825 870 1925 semper
893 1849 931 1898 ut
952 1826 1071 1901 distan-

74 1930 116 2000 tia
124 1922 265 2004 diresle:
283 1935 317 1999 δε
336 1950 413 1999 cum
428 1927 582 1999 velocitas
602 1922 642 1996 fit
661 1924 782 2021 semper
798 1946 835 2001 ut
851 1922 995 1997 distantia
1018 1949 1069 1998 re-

75 2028 214 2123 cipioce,
239 2026 323 2097 vires
337 2024 518 2120 centripetae
544 2023 588 2092 ob
611 2022 824 2117 aequalitatem
842 2022 1001 2095 rationum
1016 2018 1069 2095 di·

74 2116 168 2193 recia
184 2125 409 2220 &reciprocae
430 2141 524 2193 erunt
540 2120 662 2214 ubique
681 2122 827 2214 aquales,
853 2126 887 2191 δε
902 2144 1018 2218 corpus
1037 2122 1072 2201 iu

78 2216 135 2290 ista
150 2242 249 2290 curva
260 2219 457 2290 movebitur.

126 2319 223 2384 XXI.
250 2316 285 2385 Si
305 2338 421 2411 corpus
438 2335 608 2386 moveatur
635 2317 665 2387 in
690 2312 805 2413 Ellipsr
822 2316 906 2389 circa
928 2313 1071 2405 ejusdem

78 2410 206 2490 focum,
225 2414 273 2481 vis
301 2413 470 2507 centripeta
487 2414 548 2482 erit
568 2412 689 2506 ubique
715 2413 747 2483 in
768 2410 930 2511 duplicata
952 2414 1074 2491 ratione

80 2506 238 2580 dislantiae
256 2506 295 2579 ab
311 2506 426 2578 eodem
445 2506 523 2577 foco
542 2511 715 2605 reciproce.

127 2604 188 2678 Est
212 2598 297 2677 ersim
316 2608 370 2677 uti
393 2605 472 2675 olim
495 2607 675 2676 notavimus
694 2607 726 2675 in
745 2605 906 2702 ellipsrum
926 2611 960 2674 &
1006 2629 1074 2674 ara-

78 2702 226 2775 bolarum
245 2698 544 2800 &lhyperbolarum
569 2700 709 2799 partibus
730 2698 864 2785 diverfis
890 2628 1003 2792 quoacl
1020 2699 1073 2791 fo·

78 2827 154 2871 cum
176 2818 345 2872 curvatura
366 2799 487 2895 ubique
516 2800 547 2876 in
567 2799 699 2869 arcubus
721 2788 877 2869 fimilib'us
896 2795 1017 2867 direcle
1038 2817 1076 2868 ut

77 2896 235 2977 distantia,
253 2899 333 2969 &in
352 2897 494 2995 partibus
513 2896 686 2991 equalibus
700 2892 819 2992 semper
842 2896 980 2989 aqualis.
1004 2890 1074 2989 ,Est

77 3016 184 3067 autem
207 2996 358 3067 velocitas
385 2986 505 3087 ubiq'ue
528 2994 559 3063 in
583 2992 747 3067 distantiae·
760 2996 882 3085 ratione
899 2990 1071 3086 reciproca.

79 3116 156 3189 ergo
171 3086 205 3163 iu
225 3093 360 3164 arcubus
381 3088 475 3163 simul
492 3087 653 3189 descriptis
668 3112 840 3168 curvatura
854 3084 898 3160 esl
911 3090 1075 3189 reciproce

79 3212 116 3260 ut
129 3189 273 3262 distantia
290 3191 309 3259 l
329 3189 418 3268 foco,
431 3210 527 3283 atque
543 3191 574 3273 in
589 3186 698 3260 eadem
712 3192 831 3260 ratione
846 3178 1010 3283 recip'roca
1029 3183 1076 3256 est

78 3288 173 3358 etiam
191 3287 350 3359 celeritasr'
376 3285 459 3358 unde
472 3288 520 3357 vis
534 3289 705 3383 centripeta
720 3311 759 3356 ex
771 3306 956 3361 ¹curvaturae
976 3288 1010 3352 &
1024 3306 1077 3353 ce-

81 3385 210 3479 leritatis
229 3386 402 3475 rationibus
420 3384 596 3475 conjunr‘lis
611 3382 792 3465 aestimanda
807 3386 867 3454 erit
880 3377 1079 3479 induplicata

81 3481 199 3552 rarione
212 3481 368 3555 distantiae
384 3483 403 3553 b
417 3480 494 3553 soco
511 3484 686 3581 reciproce.
736 3486 795 3585 ‚Q
791 3486 832 3550 Ε.
843 3484 889 3551 D.
1023 3556 1029 3571 ‚

133 3582 235 3671 Coroll.
254 3585 323 3671 (1.)
357 3582 393 3653 'Si
407 3579 547 3679 corporis
557 3578 695 3671 cujusvis
708 3574 867 3669 attraslivi
883 3578 963 3647 vires
972 3572 1032 3646 fint
1045 3575 1078 3646 in

83 3670 366 3767 duplicataratione
376 3673 804 3771 distantiarumbcentrosuo
814 3674 987 3771 reciproce,
1004 3696 1076 3742 cor·

81 3769 1080 3873 poraomnlessaltemquorummotuumprojeelilirundireffiffl

676 3873 709 3955 K
731 3897 756 3979 4
1026 3879 1078 3940 uel
