2438 4328
113 132 182 204 252
376 109 819 179 ramarcrronrrs
1014 40 1151 127 w

112 241 245 315 filumae
265 238 407 321 virium3
435 243 470 309 δι
491 234 605 333 pressio
625 235 772 329 quadrati
795 242 878 315 Dr,
904 234 948 308 ad
968 233 1104 334 prtffio·

111 365 186 412 nem
204 335 353 433 quadrati
376 342 454 415 DB,
480 356 518 405 ut
540 334 624 431 abq,
649 333 690 405 ad
713 340 827 429 ABq:
862 338 909 405 Et
929 359 972 404 ex
990 361 1104 429 aequo,

108 435 225 534 preffio
241 432 390 528 quadrati
413 439 503 512 ΒΡ,
528 430 568 502 ad
587 430 776 527 preffionem
791 428 940 523 quadrati
962 431 1041 513 db,
1068 453 1106 504 ut

109 533 159 604 ab
179 533 254 607 cub.
273 529 313 603 ad
337 535 403 602 AB
427 529 504 601 cub.
531 532 669 602 Ratione
680 553 764 600 enun
780 526 930 624 simplici,
955 553 1039 601 cum
1055 556 1105 602 ra-

110 633 198 707 tione
216 628 375 725 duplicata
386 623 561 722 composita
572 628 708 723 emergit
725 627 805 697 ratio
817 627 988 722 triplicata
1009 628 1057 698 ita
1069 649 1106 698 ut

107 729 158 803 vis
170 721 405 821 compressionis
420 726 451 796 in
466 749 542 803 uno,
569 722 608 796 lit
621 723 661 794 ad
677 723 744 794 vim
762 719 1003 820 compreffionis
1015 726 1050 797 in
1059 727 1106 796 al·

109 845 193 904 tero,
219 843 258 897 ut
270 819 405 893 densitas
419 818 515 892 fluidi
527 819 568 891 ad
577 819 775 899 densitatem,
798 818 934 892 direde.
962 827 1103 892 O.E.D.

159 922 264 991 Coroll.
284 925 353 1007 (1.)
381 923 472 990 Cum
490 921 598 1010 itaque
612 943 667 1015 per
680 920 893 1015 experimenta
907 893 1037 989 coiffet
1052 944 1104 990 ae·

109 1018 154 1091 ris
175 1012 272 1087 nostri
297 1039 353 1112 per
376 1017 463 1087 vices
485 1014 651 1113 compreffi
675 1022 708 1085 &
733 1014 879 1087 rarefaeti
908 1012 1102 1088 denfitatem

110 1110 172 1190 ell'e
192 1114 318 1186 viribus
334 1113 630 1209 comprimentibus,
656 1111 721 1183 five
736 1109 960 1209 compreffioni
976 1114 1104 1206 ubique

109 1209 402 1309 proportionalem
430 1208 606 1283 admodum
627 1235 706 1282 vero
725 1206 825 1280 simile
844 1206 978 1281 videtur
995 1235 1099 1282 aerem

108 1332 152 1386 ex
176 1303 384 1404 particulisse
407 1309 572 1380 mutuoin
594 1305 713 1378 inversa
735 1304 956 1378 distantiarum
978 1310 1099 1380 tatione

108 1403 311 1504 litgientibus
335 1405 388 1474 vel
411 1402 594 1502 fugantibus
618 1402 769 1475 constare.
824 1401 896 1475 Etsr
920 1406 1010 1476 enim
1029 1402 1099 1476 haec

111 1504 161 1574 vis
179 1498 268 1594 quasi
284 1500 461 1598 centrifuga
480 1504 514 1572 vi
535 1501 701 1573 universali
719 1504 915 1599 centripetae,
942 1499 1011 1573 sive
1026 1527 1100 1599 gra-

109 1601 217 1679 vitati,
242 1597 261 1669 ὲ
284 1595 442 1670 diametro
464 1596 591 1670 adversa
616 1624 692 1670 cum
714 1596 826 1669 eadem
846 1595 1019 1671 conlistere
1037 1624 1101 1671 non

109 1693 197 1794 poll'e
211 1692 359 1768 videatur
366 1722 377 1777 ;
405 1716 539 1766 attamen
552 1693 621 1766 fieri
634 1692 737 1791 potest
747 1717 783 1767 ut
793 1716 906 1793 praeter
918 1700 1101 1793 generalem

109 1794 197 1868 illam
210 1795 372 1892 gravitatis
390 1795 495 1890 legem
511 1794 675 1863 materiam
696 1817 825 1863 omnem
843 1819 907 1885 qua
931 1797 1102 1868 materiam

108 1892 306 1970 attinentem,
332 1887 395 1960 fine
420 1892 488 1960 ullo
505 1888 544 1959 ad
566 1887 705 1978 ejusdem
723 1888 853 1986 figuras,
877 1889 1008 1970 formas,
1035 1895 1103 1963 cir-

110 1986 325 2065 cumstantias,
349 2005 404 2057 aut
424 2007 532 2057 motus
551 1981 605 2056 rel
637 1988 712 2067 clu3
739 1985 807 2074 aljae
821 1984 882 2063 fint
898 1989 928 2064 le
952 2013 981 2059 es
992 1994 1028 2058 δι
1043 1991 1098 2059 vi·

109 2108 159 2167 res
181 2084 334 2155 naturales
356 2080 423 2152 sive
447 2079 585 2152 attrahen
611 2085 623 2154 i
649 2080 715 2154 slve
735 2081 870 2180 fugandi
897 2013 1101 2180 adspectum

103 2180 337 2277 ‚particularum
357 2178 497 2248 materiae
521 2176 657 2273 figuras,
683 2179 812 2259 formas,
837 2181 1102 2264 circumstantias,

111 2295 168 2350 aut
186 2294 295 2344 motus
320 2276 520 2368 pertinentes,
545 2282 579 2345 δι
600 2277 754 2372 peculiari
774 2275 875 2349 modo
898 2276 1011 2353 iisdem
1032 2283 1103 2353 alli·

108 2391 205 2470 gata,
230 2371 248 2442 ὲ
265 2371 384 2464 quibus
395 2369 483 2442 haud
495 2396 594 2467 pauca
609 2371 873 2450 &difficilioribus
883 2375 1104 2473 naturaephae-

109 2469 252 2543 nomenis
262 2466 438 2564 dependere
458 2467 597 2565 polluat.
647 2473 700 2541 Sic
719 2469 786 2542 sane
808 2470 987 2544 verofimile
1005 2474 1102 2546 vide-

112 2587 168 2649 tur
183 2566 259 2642 aeris
270 2566 436 2662 particulas
447 2590 522 2638 cum
534 2568 690 2662 peculiare
707 2566 790 2640 illud
803 2589 1099 2665 temperamentum,

111 2661 262 2760 figuram,
287 2683 342 2733 aut
359 2661 495 2734 formam
519 2661 757 2756 acquisiverint,
779 2665 864 2737 unde
882 2668 942 2737 tale
957 2664 1101 2738 fluidum

110 2757 275 2833 elasticum
292 2783 481 2855 componere
492 2781 573 2856 aptae
593 2760 676 2840 sunt,
700 2763 794 2852 quale
804 2788 862 2835 nos
880 2769 1000 2836 Aerem
1012 2763 1101 2845 dici,

109 2880 192 2938 mus,
216 2881 309 2929 novae
325 2854 402 2928 huic
417 2856 586 2952 &speciali
600 2860 664 2954 legi
678 2855 744 2929 five
762 2863 797 2930 vi
810 2861 1010 2958 centrifugae,
1037 2860 1103 2946 hu.-

108 2951 250 3044 jusmodi
262 2955 428 3050 particulas
444 2952 556 3044 easque
574 2957 650 3027 solas
668 2957 812 3028 attinenti
826 2955 1008 3030 immediate
1025 2959 1101 3030 sub,

111 3048 181 3140 jici.
211 3055 286 3146 lure
307 3053 392 3122 enirn
414 3048 587 3145 suspicatur
606 3056 716 3123 Autor
743 3051 848 3129 noster
877 3054 1104 3151 perspicaciffi.

104 3170 183 3218 mus
227 3147 353 3238 leraque
372 3147 513 3242 specialia
539 3169 658 3227 naturae
682 3145 890 3236 Phaenomena
908 3178 948 3224 ex
973 3155 1100 3226 viribus

106 3168 300 3334 laujuiinodi
318 3243 454 3340 pendere
470 3241 568 3341 polle,
594 3245 712 3338 quibus
732 3272 902 3344 corporum
920 3254 1099 3345 particula,

113 3362 170 3436 per
184 3342 286 3411 caulas
302 3339 447 3412 nondum
460 3342 614 3438 cognitas,
639 3346 692 3414 vel
704 3345 736 3413 in
752 3343 782 3414 se
797 3368 914 3416 mutuo
929 3350 1100 3444 impellum

111 3455 177 3519 tur,
203 3440 237 3506 &
263 3436 438 3510 secundum
462 3437 577 3535 figuras
605 3441 760 3538 regulares
784 3440 958 3524 cohaerent,
989 3447 1043 3516 vel
1058 3447 1098 3516 ab

104 3532 250 3612 invicem
260 3529 299 3603 fu
320 3555 426 3614 antur,
451 3541 485 3604 δι
505 3533 677 3619 recedunt;
705 3538 824 3630 quibus
839 3540 958 3610 viribus
978 3544 1099 3637 ignotis

129 3558 460 3724 ‘litosophilrattenus
473 3638 631 3706 Naturam
642 3631 756 3709 frustra
769 3656 928 3708 tentarunt
943 3662 951 3704 t
980 3646 1014 3710 &
1022 3643 1101 3731 qui·-

145 3747 178 3810 ιε.
191 3723 324 3839 prolude
341 3725 498 3833 gradatim
514 3727 578 3830 iam
601 3728 810 3856 detersam
833 3730 1018 3843 detegendis
1036 3735 1107 3913 spii

153 3874 170 3915 2·
222 3899 226 3911 .
1059 3856 1084 3912 e
