2438 4328
106 117 172 224 ,οε
389 108 831 183 atnerrmrorurs
919 134 922 141 ·
962 162 969 181 .

157 239 445 337 Qremadmodum
456 243 542 312 enim
556 260 671 336 eorpus
682 234 841 333 qundv'n·
852 218 1052 337 duplieirs

109 349 245 422 citatum
257 344 291 416 in
303 343 392 416 lineis
401 337 526 411 duabus
538 360 667 435 pergere
678 335 812 430 nequit,
838 334 903 407 sod
924 360 971 411 ex
1045 334 1053 348 '

112 446 174 517 stis
193 441 315 554 yiribus
332 443 375 549 ³¹¹,
387 436 670 547 paralleIogrammi
686 431 857 529 dirgnnali
877 430 1008 509 eodem

112 534 378 714 {53:152er
397 527 1039 724 Iss‘zsssssdfflffl‘ffi
1051 626 1129 707 u,-

113 756 197 903 Ἀῶ
217 730 381 803 luminaria
411 724 481 797 haec
504 725 573 797 duo
595 727 736 797 excitant
757 748 826 796 uon
862 722 1089 798 ternotus»

176 828 240 909 dte,
276 825 331 899 sed
354 846 482 897 motum
510 819 669 916 quendam
690 822 845 897 mixtum.
860 818 1038 899 efficient.
1070 828 1089 893 I

113 925 318 999 luminarium
342 919 624 1011 conjunctione&
649 941 692 1015 op
735 914 855 991 sidone
880 919 1090 1017 conjungam

29 1066 39 1083 .
113 1044 228 1096 domm
245 1016 392 1100 effeRus,
415 1024 449 1088 &
462 1041 535 1087 com
619 1036 671 1087 tur
710 1020 845 1087 uxus&
858 1015 1091 1095 refluxusmi·

112 1141 199 1199 mua,
209 1118 230 1193 ὲ
240 1119 361 1191 virium
369 1117 520 1187 nimirum
537 1113 889 1208 ummtumtemporis
900 1112 1053 1187 oriundi.
1071 1119 1092 1185 Ir

113 1216 320 1292 summarium
330 1210 530 1307 quadraturis
543 1211 598 1281 Sol
611 1209 733 1283 attollet
744 1232 880 1301 aquam,
889 1212 962 1291 ubi¹
970 1209 1094 1285 Lumde

115 1315 240 1415 primit,
263 1310 499 1407 deprimetque‚
521 1307 579 1378 ubi
596 1311 687 1379 Luna
713 1306 834 1378 attollit
840 1333 854 1388 ς
884 1314 922 1379 δι
944 1306 1096 1381 aestiuum

117 1411 209 1485 nium
229 1408 393 1485 minimus,
419 1406 436 1477 ὲ
454 1406 576 1476 virium
598 1405 751 1475 nimirum
771 1402 954 1496 dfferenria
970 1427 1046 1479 tum
1058 1407 1098 1477 oti

117 1504 236 1585 undus,
268 1502 500 1575 observabitur.
551 1506 597 1572 Et
616 1501 782 1594 quoniam,
805 1504 1023 1598 experientia
1039 1499 1101 1581 teir,

117 1603 225 1677 multo
235 1596 392 1691 majorest
401 1596 534 1671 effeetus
550 1602 651 1670 Lunar
663 1622 760 1691 quam
772 1597 868 1679 Solis,
897 1599 1105 1694 incidetaqur

117 1701 257 1775 rmxirna
277 1691 417 1770 aItitudo
440 1698 474 1768 in
497 1693 606 1767 horam
633 1697 758 1767 tertiam
784 1698 972 1769 Lunarem.
1026 1702 1109 1769 Eam

117 1795 269 1896 syzygias
287 1819 366 1867 vero
386 1789 642 1887 &quadraturas
662 1789 753 1863 astus
767 1793 950 1876 maximus,
979 1796 1046 1888 qui
1065 1793 1109 1865 soi

117 1896 154 1966 vi
166 1893 284 1967 Lunari
295 1888 434 1963 incidere
451 1889 570 1984 semper
582 1886 711 1960 deberet
729 1890 760 1960 in
774 1885 892 1969 horam
915 1893 1052 1965 tertiam
1059 1896 1111 1962 Lu

119 2014 238 2070 narem,
263 1994 297 2058 &
309 1987 372 2059 sola
383 1988 419 2058 vi
437 1987 539 2057 Solari
560 1988 592 2057 in
611 1987 736 2057 tertiam
750 1986 908 2068 Solarem,
936 1986 1113 2086 compositis

117 2085 241 2163 uiribus
255 2080 376 2156 incidet
394 2084 427 2153 in
456 2102 582 2177 tempus
603 2079 735 2174 aliquod
754 2082 1012 2167 intermedium,
1037 2082 1113 2179 quod

113 2181 221 2252 tertia
237 2180 357 2252 Lunari
369 2178 475 2251 multo
494 2180 705 2273 propinquius
724 2179 786 2250 erit
804 2203 912 2271 quarn
938 2185 1052 2256 tertia
1069 2187 1114 2253 So

117 2275 175 2350 lari
183 2303 194 2360 3
220 2273 365 2368 adeoque
379 2278 410 2347 in
425 2272 556 2347 tranfitu
570 2279 672 2347 Lunae
686 2276 702 2347 ὲ
715 2273 859 2374 syzygiis
880 2276 927 2351 ad
945 2279 1115 2372 quadratu-

116 2398 179 2455 ras,
203 2371 262 2444 ubi
279 2375 373 2445 Hora
384 2371 477 2445 tertia
492 2374 606 2445 Solaris
619 2371 773 2470 praecedit
794 2372 927 2447 tertiam
947 2381 1115 2456 Lunarem,

117 2471 257 2544 maxima
284 2494 376 2563 aquae
396 2466 536 2543 altitudo
559 2466 718 2565 praecedet
741 2472 839 2543 etiam
857 2474 995 2545 tertiam
1018 2479 1116 2545 Luna·

118 2591 186 2642 rem
193 2595 204 2652 3
232 2565 334 2659 idque
342 2569 485 2639 maximo
493 2568 658 2639 intervallo
670 2567 765 2662 paulo
773 2565 1111 2664 postodtantesLuoae.

117 2668 166 2738 Et
186 2662 314 2762 paribus
330 2664 502 2737 intervallis
524 2661 615 2735 astus
641 2665 799 2735 maximus
827 2662 988 2756 sequetur
1011 2664 1115 2740 horam

118 2764 244 2850 tertiam
271 2765 430 2833 Lunarem
449 2762 482 2832 in
502 2757 655 2832 Tranfitu
682 2764 782 2832 Luna
807 2762 824 2832 i
853 2759 1066 2852 quadraturis
1081 2760 1117 2835 ad

119 2860 283 2957 syzygias,
315 2855 417 2952 idque
442 2859 539 2930 etiam
559 2858 703 2929 maximo
731 2857 896 2929 intervallo
923 2862 1028 2955 paulo
1052 2858 1117 2959 post

119 2955 261 3026 ostantes
281 2959 395 3027 Lunae.
452 2956 537 3025 Haec
562 2976 674 3050 nempe
696 2956 803 3025 omnia
826 2954 856 3025 in
884 2959 1029 3029 Oceano
1057 2955 1117 3029 sive

119 3071 229 3148 aperto
245 3052 335 3123 mari.
385 3051 518 3126 Namin
537 3052 729 3123 Fluviorum
745 3048 849 3123 Ostiis
862 3049 975 3124 fluxus
985 3054 1119 3147 majores

112 3148 244 3220 rateris
259 3147 386 3244 paribus
405 3145 655 3245 majustempus¹
673 3148 851 3240 requirent„
872 3168 974 3241 atque
991 3151 1039 3223 ita
1060 3173 1118 3225 tar·

120 3243 194 3317 dius
212 3246 308 3341 paulo
319 3243 361 3319 ad
372 3250 461 3330 ίῳὲο
480 3243 567 3317 suam
583 3245 780 3341 pervenient.

169 3345 344 3414 XCVIII.
371 3337 483 3412 AEstus
505 3341 643 3412 marinus
667 3362 797 3440 propter
821 3339 961 3414 diversas
981 3344 1121 3417 Iumina·

121 3439 209 3511 rium
221 3436 383 3514 dissentias
398 3440 418 3509 a
433 3457 515 3509 terra
528 3458 602 3511 tum
616 3452 671 3537 per
690 3436 829 3536 singulos
840 3461 946 3522 amos,
973 3461 1049 3513 tum
1065 3463 1121 3538 per

105 3534 262 3628 ⁴singulos
271 3533 389 3609 menses
406 3532 549 3607 diversus
563 3532 625 3615 effe
641 3533 742 3607 debet
749 3560 761 3617 3
789 3532 891 3626 idque
907 3538 941 3608 in
958 3538 1120 3635 triplicata

120 3630 342 3711 distantiamm
352 3629 481 3709 istarum
488 3634 611 3715 ratione
622 3633 802 3729 ¹reciproca,¹
820 3628 886 3705 srue
907 3633 941 3708 in
959 3637 1121 3735 triplicata

118 3730 351 3828 diametrorum
364 3730 582 3828 apparentium
598 3731 718 3804 ratione
735 3727 869 3803 diresta.
1091 3754 1096 3811 ,-

99 3862 106 3875 ·
153 3858 183 3890 π
209 3863 220 3883 ·
523 3844 538 3869 f
1043 3832 1123 3905 Hoc
