2408 4304
1036 283 1040 291 ι

188 112 246 187 ¹ut
262 92 343 167 olim
369 91 427 166 suo
451 93 526 164 loco
543 89 794 168 demonstratum
818 91 980 170 dedimus.
1028 103 1100 175 Ne·

202 191 322 262 mirum
340 211 424 263 certe
438 186 532 271 hoscc
551 198 585 262 &
602 188 789 283 hujusmodi
801 187 935 264 effectus
952 197 985 265 in
995 198 1101 270 mino·

110 366 115 375 ¹
148 286 207 360 bus
216 284 369 361 distantiis
379 286 977 380 majoreninmajoribusminoresesse.
1004 297 1100 385 Qso-

87 450 102 497 4·
116 382 201 457 <iren
212 385 267 455 Sol
280 382 451 483 temporeh
478 386 575 456 berno
586 389 670 458 circa
684 387 848 484 Perigaon
863 384 983 483 pofitus
997 386 1100 481 majo·

64 481 247 555 ‘⁵''resedet
260 410 597 575 effectuaeflicietque
609 504 647 555 ut
657 480 748 555 astus
759 480 832 580 post
845 483 994 582 syzygias
1004 487 1101 580 paulo

113 579 246 671 majores
262 576 386 660 sint,ob
398 578 551 668 majorem
564 581 683 651 virium
695 585 868 661 Summam,
894 588 928 652 δι
939 579 1107 679 postqua-⁴

113 673 254 748 draturas
270 677 366 773 paulo
388 679 536 754 minores,
560 675 605 747 ob
622 677 776 748 minorem
799 678 920 751 viritun
944 681 1098 773 Drfferen·

113 781 204 854 nam,
226 796 325 865 quam
338 770 450 845 aestivo
465 794 609 867 tempore
623 797 634 854 3
659 777 778 844 caeteris
795 775 945 849 nimirum
958 775 1097 871 paribus.

113 872 161 943 Et
175 862 350 968 Lunapost
364 872 527 967 Pcrigaeon
541 866 669 967 fingulis
681 868 837 943 mensrbus
855 869 986 960 majores
1000 872 1100 947 ciebit

112 965 206 1039 aestus
216 990 313 1058 quam
328 989 397 1038 ante
408 971 461 1039 vel
474 964 545 1065 post
555 967 739 1060 quindecim
751 964 829 1045 dies,
837 968 894 1040 ubi
907 968 939 1039 in
950 971 1098 1080 Apogaeo

116 1061 269 1137 versatur.
319 1061 420 1136 Unde
441 1062 465 1134 fi
485 1062 561 1137 situs
575 1068 675 1164 Lunae
692 1064 850 1160 Perigous
868 1066 952 1137 circa
964 1090 1098 1157 conjun-

114 1158 400 1239 oionemaccidat,
418 1184 458 1232 su
483 1162 589 1233 ebitur
600 1157 1100 1241 aesttudiurnussminueturno·
1134 1216 1137 1220 -

112 1255 261 1328 diurnus:
288 1253 334 1327 sin
354 1254 453 1331 situs'
483 1261 625 1329 ecircao
647 1254 983 1354 pontronemaccidat,
997 1283 1095 1358 auge·

112 1350 201 1423 bitur
216 1353 400 1433 nostumus,
429 1356 590 1425 minuetur
613 1281 757 1426 diurnus.
810 1352 909 1428 Unde
934 1356 1031 1431 etiam
1054 1355 1096 1430 fit

110 1469 149 1521 ut
168 1446 257 1520 aestus
274 1447 342 1521 duo
360 1453 490 1523 omnino
513 1452 647 1523 maximi
672 1449 743 1546 post
760 1450 908 1547 syzygias
930 1456 1094 1525 continuas

109 1546 271 1618 semutuo
285 1571 348 1618 non
361 1547 540 1640 sequantur.
591 1547 624 1618 Si
639 1547 723 1617 enim
742 1550 832 1617 Luna
843 1548 874 1617 in
887 1546 1094 1656 syzygiarum

110 1644 202 1714 altera
216 1641 255 1715 srt
267 1646 351 1715 circ'a
366 1646 540 1742 Perigaeom
554 1650 588 1714 &
603 1641 715 1715 aestum
729 1644 906 1714 maximum
917 1645 1096 1731 conmodis

110 1765 185 1812 cum
198 1742 269 1812 Sole
283 1742 407 1814 viribus
421 1763 492 1813 tum
506 1742 657 1837 temporis
669 1741 809 1811 concitet
822 1765 832 1823 3
860 1741 891 1810 in
899 1740 994 1812 altera
1007 1743 1091 1815 circs

113 1842 283 2003 Aysogaeon
300 1839 453 1921 versetur,
486 1845 519 1909 &
540 1840 676 1910 minores
697 1839 779 1909 vires
802 1832 957 1934 poffideat
972 1835 1018 1910 est
1039 1862 1095 1910 ne-

110 1959 146 2005 ce
172 1958 202 2005 e.

156 2032 287 2100 XCIX.
321 2029 434 2108 AEstus
459 2033 570 2104 marini
590 2031 863 2127 reciprocationes,
887 2027 953 2101 sive
981 2029 1110 2111 fluxus.

112 2131 146 2195 δι
168 2123 310 2197 refluxus
324 2149 454 2224 propter
471 2127 626 2200 diversam
638 2130 860 2200 Luminarium
881 2125 920 2199 ab
934 2150 1094 2221 aequatore

107 2219 362 2302 declinationem,
387 2245 459 2296 tum
471 2247 527 2314 per
537 2221 676 2321 singulos
696 2250 801 2304 annos,
826 2245 898 2296 tum
915 2247 971 2320 per
983 2220 1092 2323 finguss

107 2322 154 2393 los
165 2318 417 2399 menses'diversr
437 2317 497 2392 esse
513 2318 643 2391 debent.
797 2392 801 2399 ,

155 2418 188 2488 Si
206 2418 290 2489 enim
305 2419 475 2491 Luminare
498 2418 529 2486 in
593 2417 626 2486 lo
646 2419 768 2488 utrovis
781 2437 836 2488 aut
855 2437 994 2510 utroque
1014 2441 1091 2488 con-

105 2512 303 2593 stitueretur,
328 2512 466 2585 traheret
477 2439 712 2610 illudiingulas
726 2537 816 2604 aquae
829 2531 928 2600 partes
947 2510 1089 2583 constan·

105 2632 166 2690 ter,
192 2610 306 2704 absque
327 2611 457 2682 aetionis
475 2607 647 2682 intensrone
667 2616 700 2679 δι
720 2605 917 2682 remiffione:
945 2604 1089 2702 adeoque
1170 2620 1182 2646 ⁶

104 2708 222 2780 nullam
253 2727 361 2778 motus
393 2694 639 2804 raecyr‘ocationem
658 2707 768 2777 cieret.
817 2706 924 2802 Igitur
937 2708 1091 2777 Lumina-

103 2807 148 2875 ria
164 2801 343 2876 recedendo
358 2804 398 2874 ab
413 2824 571 2898 aequatore
590 2804 701 2899 polum
720 2799 827 2874 versus
842 2804 1029 2874 alterutrum
1040 2802 1090 2874 ef·

103 2900 205 2972 festus
215 2899 287 2972 suos
300 2894 459 2999 gradatim
471 2902 627 2978 amittent,
652 2905 686 2969 &
702 2918 866 2996 propterea
876 2902 1011 2970 minores
1025 2902 1098 2971 cies

105 2995 289 3069 bunt'aestus
303 2994 374 3094 post
391 2998 540 3099 syzygias
554 2993 736 3067 Solstitiales
755 3019 854 3087 quam
875 2993 946 3090 post
963 2997 1100 3090 AEqui·‘÷

104 3094 260 3166 nostiales.
310 3093 385 3165 1³0st
402 3093 605 3187 quadraturas
624 3112 731 3164 autem
757 3091 939 3165 Solstitiales
956 3092 1100 3182 majores-

101 3186 236 3260 evadent
254 3188 344 3263 aestus
358 3216 455 3285 quam
468 3190 539 3287 post
549 3186 810 3284 quadraturasAE
835 3190 1032 3272 uinostiales,
1046 3217 1101 3273 eo¹

103 3283 195 3379 quod
214 3290 314 3360 Lunae
338 3286 401 3377 jam
425 3289 510 3379 circa
533 3307 770 3380 aequatommc
841 3288 1102 3361 itum-essentne·

103 3383 242 3454 maxime
260 3383 380 3480 superat
393 3381 546 3457 effectum
561 3386 654 3456 Solis.
704 3380 860 3455 Incidunt
877 3385 979 3482 igitar
995 3383 1103 3469 ustus,

104 3480 237 3550 maximi
258 3478 329 3577 post
345 3481 505 3580 syzygias,
531 3488 564 3552 &
578 3481 705 3553 minimi
723 3475 1101 3571 post-quadrarunstunt

102 3576 284 3664 minacium,
307 3577 454 3673 utrasque
468 3576 905 3668 niminumAEquinodtidtsa
924 3577 1100 3650 aaronem

115 3726 120 3741 ..
229 3730 233 3737 .
665 3676 698 3748 Χ
725 3700 739 3770 3
989 3677 1092 3751 maxi·
