2438 4328
260 188 946 270 rHrsrco-MATHEMATIM.
1023 195 1094 295 361‘

109 323 160 424 gis
172 323 347 398 senfibilem
360 348 458 421 quam
474 324 675 418 reliquorum
685 321 881 399 Planetarum
901 327 1023 419 quivis,
1040 308 1095 401 vel

111 425 167 496 Sol
178 423 239 521 ipsc
251 421 401 495 exhibere
413 419 521 494 debet.
573 416 674 492 Unde
686 418 919 495 Observatores
939 423 1097 503 Astrono-

109 523 188 592 mici
204 519 314 592 inhoc
332 520 397 592 solo
416 521 538 592 Plancta
551 513 631 590 hanc
646 513 859 592 differentiam
873 516 1022 593 hactenus
1039 522 1098 596 de·

110 614 304 715 prehendere
318 626 503 715 potuerunt.
553 613 726 686 Tellurem
741 629 850 688 autem
871 616 1009 700 nostram
1027 642 1101 692 ean·

107 713 186 786 dem
205 712 343 813 figuram
366 717 445 787 olim
464 708 599 784 induiffe
619 731 717 810 patet,
742 737 806 784 non
830 735 960 791 tantum
977 714 1100 789 indicio

108 810 458 911 nuperrimecxposrtm
481 806 535 880 sed
549 815 648 904 &per
661 805 874 904 pendulorum
887 815 1103 912 experimenta
1155 895 1157 900 ,

113 907 340 981 accuratiffime
361 908 513 996 instituta.
562 909 641 997 Quo
660 906 748 992 ¹enim
767 905 936 1009 horologia
962 913 1102 1009 0(ῑίΠῇ-

115 1009 196 1078 toria
217 1005 327 1078 cadem
354 1004 492 1104 penduli·
505 998 713 1100 'longitudine
738 1005 907 1102 gaudentia
928 1010 1105 1103 AEquator'i

114 1105 259 1204 proprius
274 1100 497 1197 admoventur,
523 1098 729 1172 oscillationes
741 1106 837 1197 paulo
856 1105 1106 1204 tardioresque

111 1197 152 1272 ad
173 1202 265 1271 Polos
282 1203 423 1313 propius·
437 1196 593 1272 accedunt
611 1197 707 1293 paulo
732 1201 905 1275 velociores
937 1204 1104 1278 observan-

115 1316 168 1368 tur
176 1325 187 1378 ;
215 1321 254 1367 eo
273 1298 428 1370 nimirum
446 1294 538 1391 quod
551 1299 582 1367 in
599 1293 669 1366 casu
684 1296 782 1392 priori
801 1323 947 1374 centrum
962 1297 1114 1376 Tellurii'
1141 1375 1145 1382 .

114 1394 257 1489 propius,
277 1394 309 1465 in
323 1393 490 1493 posteriori
501 1393 655 1465 remotius
673 1391 916 1471 retardationem
931 1407 965 1470 &
982 1401 1103 1477 accele-

115 1491 272 1563 rationem
285 1516 458 1591 corporum
469 1487 682 1585 pendulorum
693 1489 867 1589 respective
879 1520 1042 1594 procuret,
1052 1499 1106 1571 uti

118 1610 160 1656 ex
173 1585 316 1684 presenti
331 1586 548 1686 Propofitione
561 1585 633 1656 fieri
651 1607 716 1657 erat
735 1588 866 1663 necesse.
1042 1608 1045 1612 ’

103 1697 107 1704 ·
167 1682 327 1757 acholium.
378 1686 418 1759 Si
435 1685 677 1782 proportionem
701 1687 784 1758 Axis
808 1692 943 1761 Planetae
966 1691 1108 1781 cujusvis
1185 1687 1188 1692 ’

120 1776 161 1850 ad
168 1783 360 1875 AEquatoris
367 1784 550 1855 Diamet'ros
561 1799 706 1851 accurate
719 1785 833 1857 rescire
849 1788 994 1884 cupiaris,
1012 1791 1108 1867 Mul·

120 1879 244 1974 tiplices
265 1883 393 1953 Calculi
416 1877 622 1954 Newtoniani
653 1885 799 1978 ambages
822 1884 912 1956 obire
934 1885 1109 1983 oportebiti

200 2120 203 2124 »
711 2077 841 2174 placeat,
868 2075 913 2150 fic
925 2102 1109 2179 accipitotee
1188 2175 1191 2181 ι

360 2192 410 2244 nc
715 2176 1114 2252 Initonimirticalculoin·

230 2271 232 2277 ⁴
444 2331 447 2335 .
472 2273 474 2279 ’
715 2275 805 2346 venit
823 2280 1005 2348 Newtonus
1015 2273 1112 2371 quod

314 2441 320 2465 i
552 2368 555 2387 ¹
715 2372 764 2441 vis
782 2371 959 2470 centrifuga
972 2374 1116 2469 partium

715 2583 811 2634 motu
829 2563 947 2637 diurno
964 2565 1115 2646 oriunda,

129 2688 151 2740 p
170 2625 685 2785 *fig-’²²:³⁴2’
719 2657 759 2732 srt
771 2658 811 2731 ad
828 2663 897 2733 vim
908 2665 1116 2758 gravitatisin

682 2786 686 2788 ’
718 2757 1116 2855 terraesuperlicieuttad

721 2852 1147 2952 zoopUndefiAPBQ

552 2958 554 2962 ’
718 2951 827 3049 figura
844 2956 959 3026 Terrae
970 2952 1117 3052 defignet

727 3050 930 3122 revolutione
963 3052 1117 3148 ellipseus·

385 3173 412 3218 u
722 3148 907 3219 circaaxem
919 3151 1136 3244 minore'PQ

724 3246 863 3343 genitam
871 3271 881 3326 3
898 3244 1002 3339 fitq'ue
1014 3251 1130 3342 ACQ

127 3457 201 3528 inde
216 3456 256 3530 ad
274 3469 470 3552 aquatorem
482 3462 521 3528 A
528 3483 549 3527 a
573 3476 714 3551 pergens,
758 3450 866 3524 ebebit
882 3448 1005 3547 pondus
1025 3473 1118 3543 aque

129 3555 162 3625 in
188 3556 297 3626 canalis
318 3577 409 3626 crure
433 3558 472 3620 A
478 3562 566 3632 Cca,
590 3547 651 3621 effe
666 3547 706 3621 ad
725 3547 848 3648 pondus
863 3571 954 3641 aquae
973 3550 1004 3620 in
1024 3568 1119 3620 crure

128 3652 234 3725 altero
251 3656 382 3750 ρας,
397 3671 435 3721 ut
451 3675 530 3740 291,
545 3647 585 3720 ad
601 3672 669 3734 290
681 3646 757 3718 fere.
806 3650 861 3718 Eo
876 3642 968 3739 quod
981 3646 1030 3745 vis
1043 3669 1121 3752 cen«

126 3748 248 3917 trifupa
262 3773 304 3821 ex
324 3748 471 3819 circulari
486 3766 578 3819 motu
596 3766 667 3816 orta
681 3766 803 3840 partem
824 3766 918 3815 unam
935 3741 953 3812 ὲ
971 3738 1120 3840 ponderis¹

1030 3933 1139 4000 anteum

125 1976 180 2050 Sin
199 1976 314 2053 calculi
326 1976 458 2071 hujusce
471 1975 616 2050 fructum
636 1970 699 2046 fine
713 1980 826 2052 calculi
837 1979 937 2053 radio
946 1986 1109 2096 percipere

714 2487 806 2538 terrae
814 2467 1056 2562 subaequatore,
1068 2495 1112 2542 ex

126 3387 194 3457 qca
219 3361 331 3434 canalis
353 3380 445 3449 aquae
470 3363 558 3458 plena
573 3359 591 3428 i
608 3355 688 3427 Polo
754 3374 773 3444 q
797 3351 838 3424 ad
851 3374 996 3424 centrum
1012 3360 1056 3424 Cc
1070 3359 1117 3423 ’δι

130 3848 214 3957 pacti
239 3837 275 3918 us
298 3869 361 3938 29¹
384 3829 546 3948 lustinebit
561 3839 771 3926 &detrahetr
797 3847 832 3914 &
855 3837 979 3940 pondus
999 3860 1067 3925 290
1086 3838 1120 3908 in
