2438 4328
178 171 877 243 enrrrco-MATHEMATIM.
959 201 1022 274 113

59 309 141 379 latus
165 306 311 389 re&um;
346 330 457 402 nempe
476 305 576 377 lateris
602 306 682 376 teeti
710 301 750 375 ad
774 308 927 377 verticem
949 309 1045 384 istum

61 407 149 502 prius
159 407 343 502 pertinentis
353 403 588 498 quadruplum:
617 401 717 474 Unde
736 424 847 495 quarta
861 399 957 494 hujus
968 410 1045 479 late-

63 507 103 575 ris
121 504 199 574 recti
215 527 297 600 pars,
330 499 396 573 stve
415 507 464 572 sF
480 504 541 572 erit
559 522 680 593 quartae
701 503 813 595 prioris
839 501 943 572 latetis
964 504 1045 574 recti

60 601 154 698 partis
170 605 222 668 tF
233 602 328 671 etiam
343 597 538 693 quadrupla;
565 605 599 668 &
616 598 660 668 ob
680 598 833 695 triangula
853 598 884 668 in
907 621 1055 693 utroque

60 696 131 769 casu
147 693 343 768 fimiliath
359 694 431 765 th
448 698 536 765 lineae
551 694 590 762 sh
604 702 685 791 &sg
698 692 831 791 ipsarum
846 694 886 763 sh
905 703 939 767 &
958 724 994 796 sg
1009 720 1045 767 e·

59 815 135 866 tunt
147 795 244 864 etiam
257 793 463 889 quadruplae;
492 798 525 860 &
544 794 587 861 ita
601 795 632 863 in
645 794 786 884 reliquis.
835 789 897 862 Est
915 817 949 863 et
971 819 993 863 o
1011 796 1044 864 in

59 893 232 965 >velocitate
251 891 352 988 duplo
367 889 484 980 majore
499 888 598 978 jactus
622 886 825 960 horizontalis
845 819 1043 986 longissimus

57 988 240 1084 quadruplo
260 988 373 1079 major,
399 990 430 1059 in
444 989 536 1083 tripla
550 987 717 1058 velocitate
737 987 924 1080 noncuplus,
950 993 985 1057 &
998 989 1043 1060 ita

58 1111 155 1183 porro
169 1088 201 1156 in
217 1085 390 1157 infinitum.
439 1090 513 1154 Imo
533 1107 609 1154 vero
624 1082 806 1181 generaliter
823 1081 869 1152 est
886 1082 1042 1155 affirman-

59 1183 151 1263 dum,
163 1206 272 1254 omnes
286 1181 442 1253 Parabolae
460 1183 552 1252 lineas
568 1178 681 1264 similes
702 1176 909 1271 similiterque
928 1179 1043 1277 posttat

60 1282 168 1377 augeri
190 1279 358 1375 semper&
380 1279 482 1349 minui
508 1280 541 1348 in
559 1276 606 1351 du
628 1281 718 1351 licata
738 1277 916 1348 velocitatis
939 1280 1042 1350 auelae

59 1381 113 1447 vel
127 1375 296 1447 diminutae
313 1376 452 1456 ratione3
486 1395 523 1445 ut
542 1399 582 1445 ex
601 1303 748 1448 liaelenus
766 1371 862 1444 dietis
881 1373 949 1446 satis
965 1400 1043 1447 eon-

59 1471 138 1543 stal'e
148 1469 261 1569 potesta

37 1619 39 1622 ι
110 1571 211 1640 Οονυίίι
236 1574 328 1658 (11.)
342 1595 344 1599 ⁷
358 1564 570 1664 [ongiffimus
588 1569 686 1660 janus
707 1568 911 1643 horizontalis
934 1573 1041 1663 cujus-

60 1689 125 1759 que
138 1665 292 1742 Patabolae
311 1663 359 1737 est
378 1659 505 1761 aequalis
522 1665 662 1737 dimidio
678 1669 768 1739 lateri
783 1670 872 1738 ree'to
889 1666 929 1738 ad
941 1670 1042 1740 verti-

59 1788 143 1843 cem,
167 1765 246 1835 latus
266 1764 391 1835 rectum
410 1763 581 1862 principale
605 1768 835 1838 terminantem,
860 1767 1042 1860 pertinenti.

58 1859 119 1931 Est
137 1862 267 1932 enimin
283 1884 323 1931 eo
341 1861 412 1932 casu
437 1867 468 1928 F
471 1886 484 1927 s
507 1861 633 1954 aequalis
647 1860 710 1940 ’σὴς
738 1857 790 1929 sed
807 1865 852 1926 Fs
873 1857 920 1930 est
938 1862 1042 1933 lateris

57 1959 136 2029 recti
149 1956 189 2030 ad
206 1959 362 2031 verticem
377 1956 503 2030 dietum
540 1959 698 2027 ertinentis
713 1979 781 2052 pars
801 1965 911 2048 quarta
917 1983 928 2039 ;
956 1964 990 2026 &
1001 1979 1017 2026 s
1016 1985 1043 2056 g

57 2053 153 2150 ipsius
171 2054 208 2125 sh
220 2052 334 2150 dupla,
354 2054 472 2134 undet
474 2082 498 2150 g
517 1982 720 2126 liutizontalis
730 2053 831 2145 jaelus
843 2051 1041 2154 longiffimus

57 2153 117 2220 erit
136 2153 238 2222 lateris
250 2149 338 2223 istius
354 2155 433 2222 recti
444 2151 631 2223 dimidium.
841 2236 846 2247 ⁸

106 2250 208 2316 Corolld
225 2253 318 2336 (12.)
347 2252 434 2319 Hinc
446 2247 653 2320 determinare
666 2250 741 2319 licet
755 2247 874 2340 janum
886 2247 1040 2338 horizon·

56 2345 153 2414 talem
161 2340 375 2438 longiffimum
393 2347 573 2438 cuicunque
585 2348 761 2435 velocitatis
775 2344 890 2442 gradui
900 2372 1041 2444 congru-

56 2459 174 2510 entem.-
204 2441 272 2510 Fiat
287 2464 397 2537 nempe
409 2463 446 2512 ut
457 2445 536 2513 linea
549 2470 585 2512 sr
603 2445 701 2514 unico
712 2443 838 2514 minuto
850 2441 989 2515 secundo
1003 2443 1041 2515 vi

54 2538 217 2634 gravitatis
240 2533 393 2629 descripta
413 2546 500 2626 160
518 2538 637 2636 pedum
651 2539 877 2637 Anglicorum,
902 2539 1040 2611 advelo·

55 2637 184 2705 citatem
209 2632 382 2731 projeclilis
398 2661 441 2704 sv
461 2636 514 2705 vel
536 2663 575 2706 rc
596 2637 664 2731 pari
682 2651 826 2730 tempore
849 2656 1041 2732 computan-

56 2729 143 2810 dam,
170 2733 213 2801 ita
225 2729 282 2802 ista
293 2732 456 2810 velocitas,
481 2729 521 2803 ad
532 2754 701 2802 numerum
714 2747 877 2823 quartum,
894 2732 973 2802 latus
988 2756 1041 2801 re·

56 2828 146 2899 stum
159 2829 288 2899 verticis
303 2856 317 2897 s
334 2829 365 2897 in
378 2828 489 2900 iisdem
508 2827 642 2925 pedibus
654 2825 874 2921 exhibiturum
891 2855 900 2896 t
927 2829 1042 2917 Hujus
1168 2835 1181 2897 l

54 2928 179 2996 numeri
189 2923 315 2996 semiffis
330 2923 545 3022 longissimum
554 2925 673 3014 jactum
689 2923 919 2997 horizontalem
936 2923 1041 3007 dabit,
1170 2936 1172 2942 '

54 3022 104 3092 uti
118 3047 159 3092 ex
176 3021 385 3118 superioribus
398 3021 445 3093 est
456 3017 579 3094 abunde
591 3023 809 3095 manifestum
857 3013 909 3092 Sic
924 3019 1037 3118 stpro·

53 3116 166 3208 ieelilis
180 3120 331 3190 velocitas
339 3139 428 3190 tanta
444 3118 483 3190 srt
499 3142 535 3191 ut
547 3123 672 3192 minuto
685 3123 782 3191 unico
794 3116 932 3190 secundo
943 3117 1040 3215 pedes

55 3216 209 3312 Anglicos
222 3216 308 3287 mille
320 3220 483 3314 peragrare
498 3214 604 3314 pullit,
628 3217 686 3288 fiat
698 3239 736 3288 ut
756 3222 865 3303 16[1-:
893 3213 933 3286 ad
950 3240 1038 3286 1000

56 3337 88 3381 a:
104 3313 147 3383 ita
170 3337 257 3382 1000
270 3311 309 3386 ad
323 3337 493 3385 numerum
505 3336 657 3406 quartum
673 3340 713 3384 ς
728 3326 871 3393 62.112,
896 3312 975 3391 latus
987 3338 1039 3384 re·
1083 3365 1087 3371 -

53 3407 144 3478 etum
161 3410 289 3481 'verticis
307 3436 323 3478 s
338 3411 371 3480 in
393 3408 526 3519 pedibus
547 3413 693 3508 Anglicis
709 3408 935 3506 designantem.
976 3408 1040 3480 Est

53 3504 161 3593 itaque
178 3503 372 3602 longissimus
389 3509 490 3597 taetus
517 3505 722 3579 horizontalis
744 3505 863 3601 pedum
881 3507 1038 3602 Anglieo·

52 3623 128 3667 rum
145 3612 267 3698 31056
271 3628 282 3684 3
310 3605 390 3674 ultra
401 3628 499 3697 quem
515 3607 688 3688 terminum
701 3600 781 3673 nihil
793 3604 907 3695 attingi
919 3601 1036 3699 potest,

51 3691 107 3764 sed
120 3696 201 3765 intra
218 3721 315 3789 quem
332 3701 441 3772 locum
456 3703 602 3791 quemvis
622 3698 808 3800 affignatum
824 3700 979 3802 attingere
991 3699 1036 3770 se-

32 3792 168 3887 squenti
184 3793 349 3871 cucullatio
360 3795 560 3872 docebimus.
1109 3744 1118 3878 l

657 3899 676 3966 I
935 3886 1039 3961 Coreli,
