2438 4328
883 39 918 120 t
1044 40 1161 89 w

113 223 184 297 ²54
386 192 831 278 PMLECTIONES

110 357 244 434 equum
252 327 343 403 estut
351 330 552 428 guttularum
562 323 699 420 figuram
707 322 891 420 sphericam
899 325 1111 401 derivemurt

112 432 285 536 prasertim
298 426 379 499 dum
393 423 480 496 hasce
494 425 661 522 particulas
676 447 775 516 quarn
790 421 987 498 citissime&
1005 450 1110 520 quam

113 525 345 610 accuratiffime
368 529 399 595 in
421 526 438 592 s
456 523 585 593 haerulas
606 520 675 592 istus
699 527 784 595 coire
804 520 973 607 videmus3
1001 527 1057 596 uti
1067 548 1109 595 ex

112 627 282 707 notiffimis
299 620 393 696 Iridis
408 549 633 717 piiaenomenis,
659 618 853 692 instantaneae
872 621 1050 694 earundem
1076 628 1112 691 &

114 721 350 807 arcuatiffimae
376 722 407 790 in
435 719 598 816 spherulas
624 716 870 793 conformationi
898 723 935 792 in
965 719 1109 793 solidum

114 826 245 902 flebitis,
270 821 362 891 facile
375 815 498 888 discere
515 817 649 887 licebit..
679 823 798 911 Neque
817 842 858 890 ex
875 814 1002 890 diverss
1018 816 1110 889 causa

80 932 82 937 '
114 924 217 998 forsan
233 917 380 989 nonnulla
400 915 456 984 alia
477 914 654 984 fluidorum
691 912 885 997 haenomena,
910 915 1022 987 solutu
1038 918 1110 986 alias

114 1016 319 1095 difficillima,
344 1011 479 1110 pendere
502 1014 573 1082 sunt
596 938 756 1084 cengnda.
805 1012 954 1086 Sed²haec
970 1013 1109 1085 Obiter⁴

117 1116 176 1193 nd
191 1115 303 1187 seriem
323 1108 564 1205 incaeptamiam
580 1131 734 1181 revertor.

165 1217 240 1286 LX.
253 1212 419 1292 Quantitas
427 1209 566 1278 materiae
581 1209 613 1277 in
623 1208 809 1304 corporibus
823 1207 979 1280 universis
990 1231 1106 1279 eorum

115 1306 308 1413 ponderi‘est
324 1302 555 1379 accuratissime
567 1307 821 1404 proportionalis·

167 1408 294 1481 Sublata
306 1408 391 1477 enim
404 1405 480 1474 aeris
500 1399 682 1481 resistentia,
709 1406 757 1474 uti
779 1401 817 1474 fit
834 1403 865 1473 in
886 1427 993 1474 vacuo
1015 1405 1117 1500 Boy··

115 1506 212 1586 liano,
236 1505 342 1575 omnia
357 1508 507 1599 corpora,
534 1497 599 1571 sive
624 1497 819 1579 solidissima,
845 1506 880 1571 &
901 1498 1109 1598 graviffima;
1144 1538 1147 1545 ·

114 1598 359 1680 'fiverariffimm
385 1606 418 1670 δι
438 1594 589 1669 leviffima
601 1597 780 1677 videantur,
807 1600 971 1669 communi
985 1605 1022 1669 &
1036 1597 1112 1670 data

142 1701 254 1775 undam
271 1699 440 1773 velocitate
455 1693 549 1767 simul
567 1694 772 1777 descendunt,
799 1695 857 1765 ubi
878 1692 974 1767 fimul
993 1696 1036 1766 ab
1059 1720 1114 1767 ea·

115 1726 194 1873 jem
216 1795 384 1872 a'ltitudine
404 1794 633 1879 demittuntur.
685 1798 833 1890 Corpora
856 1796 952 1865 etiam
973 1791 1115 1890 pendula

116 1921 336 1991 quaecunque,
360 1918 503 1988 quorum
519 1913 626 1964 centra
644 1893 845 1967 oscillationis
866 1895 885 1962 ὲ
905 1889 1113 1987 suspensionis

35 2025 36 2028 ¹
117 2015 228 2065 centro
247 1993 410 2085 aequaliter
426 1987 554 2070 distant,
587 1992 683 2063 etiam
709 1993 740 2061 in
758 2015 839 2070 aere,
866 1988 1012 2060 fiarcum
1026 1984 1111 2079 eju(-

116 2086 192 2160 dem
207 2092 261 2160 vel
276 2087 404 2181 equalis
417 2087 574 2186 cycloidis
593 2091 759 2181 equalem,
785 2091 837 2159 vel
853 2089 949 2160 etiarn
966 2089 1113 2179 inaequa·

115 2183 286 2257 lem'fimul
297 2184 431 2256 oscillari
440 2187 600 2283 incipiant,
621 2208 697 2259 eunt
707 2185 803 2257 fimul
813 2185 1015 2281 redeuntque
1035 2182 1113 2256 diu'-

114 2279 253 2355 tiss'rme:
280 2287 314 2351 &
328 2283 386 2355 ubi
400 2309 488 2358 arcus
501 2287 628 2377 aequalis
638 2285 840 2363 describitur,
852 2282 964 2355 eadem
976 2285 1112 2354 omnino

91 2380 276 2455 ‚celeritate
294 2405 476 2462 moventur,
503 2379 569 2452 sive
596 2380 673 2454 dura
693 2381 766 2462 sint,
802 2378 868 2451 sive
888 2382 1013 2462 mollia;
1044 2377 1112 2451 sive

107 2474 215 2549 'solida
233 2474 305 2559 sint,
332 2476 397 2552 five
411 2477 554 2574 liquida;
582 2477 649 2553 five
668 2505 780 2579 magna
801 2476 874 2558 fint,
900 2476 967 2551 sive
987 2501 1082 2576 parva
1093 2503 1106 2558 ;

116 2574 336 2668 cujuscunque
356 2578 490 2652 demum
511 2578 625 2650 formae
649 2575 721 2658 sint,
747 2578 800 2649 vel
827 2574 952 2674 figurae.
1007 2572 1108 2649 Unde

116 2671 237 2746 constat
268 2675 338 2744 vim
364 2697 549 2749 moventem
582 2672 642 2747 effe
672 2676 797 2769 ubique
824 2677 856 2745 in
885 2671 996 2745 eadem
1034 2673 1111 2745 rati-

115 2796 175 2843 one
193 2797 268 2844 cum
288 2779 418 2849 materia
449 2773 630 2846 movenda:
666 2772 731 2846 five
752 2775 822 2847 vim
842 2773 1006 2871 gravitatis
1036 2798 1111 2843 cot-

115 2892 194 2965 pora
212 2873 320 2944 omnia
341 2874 505 2967 aequaliter
524 2866 668 2943 afficere:
697 2874 728 2943 in
747 2871 857 2943 eadem
883 2894 995 2965 nempe
1015 2870 1111 2941 utel*

115 2967 191 3037 luris
207 2969 486 3045 centro'distantia.
535 2973 623 3041 Nam
643 2968 735 3063 quod
753 2993 865 3134 ιηῑὲηα
887 2993 1022 3066 corpora
1044 2964 1110 3039 cre?-

115 3063 333 3229 terisffuribus
353 3071 468 3141 inaere
488 3068 583 3166 paulo
597 3068 740 3138 velocius
752 3065 793 3138 de
807 3065 957 3145 cendunt,
984 3063 1112 3137 motus-·
1154 3067 1158 3075 '

114 3183 181 3253 que
210 3184 268 3231 uos
281 3166 377 3261 paulo
391 3162 513 3239 diutius
530 3164 723 3244 conservant,
750 3162 822 3234 inde
836 3163 893 3244 est,
906 3159 997 3255 quod
1001 3161 1111 3260 super

107 3258 191 3352 ficiet
204 3284 389 3358 corporum,
414 3263 586 3336 secundum
604 3288 702 3355 quarn
716 3261 755 3332 fit
772 3263 846 3333 aeris
865 3262 917 3341 vel
935 3259 1036 3331 medii
1051 3286 1110 3331 cua

115 3353 214 3445 jusvis
233 3358 404 3434 refistentia
427 3364 457 3432 in
485 3360 671 3456 corporibus
689 3357 843 3431 similibus
866 3357 905 3431 srr
929 3359 1109 3430 tantumin

116 3450 349 3528 diametrorum
374 3462 426 3529 vel
451 3459 585 3529 laterum
613 3455 764 3528 similium
788 3460 908 3528 ratione
924 3455 1109 3553 duplicatae

115 3573 192 3621 cum
217 3553 392 3627 eorundem
395 3557 540 3649 fidicinas,
565 3552 739 3625 secundum
753 3579 849 3645 quam
865 3550 1047 3624 estimanda
1061 3551 1110 3623 est

116 3647 152 3716 &
163 3652 301 3723 materiae
317 3655 485 3744 quantitas,
511 3655 606 3723 &vis
624 3653 800 3749 gravitatis,
826 3649 864 3722 sit
883 3653 914 3722 in
930 3650 1111 3743 diametroe

115 3768 189 3817 rum
213 3750 266 3821 vel
294 3749 427 3822 laterum
446 3747 623 3843 eorundem
642 3752 762 3820 ratione
784 3750 951 3846 triplicata.
1008 3751 1062 3820 Sic
1082 3743 1107 3816 fi

159 3866 268 3922 *meter
279 3843 408 3946 sphaerae
430 3847 579 3942 cujusne
589 3843 719 3945 upideae
733 3843 774 3919 sit
784 3848 910 3920 alterius
924 3844 1065 4006 sphaeraeu
1065 3870 1108 3918 ex

1003 3965 1041 4006 Ἃ
1061 3966 1119 4008 mk
