<?xml version="1.0" encoding="UTF-8"?>
<!DOCTYPE html PUBLIC "-//W3C//DTD XHTML 1.0 Transitional//EN"
    "http://www.w3.org/TR/xhtml1/DTD/xhtml1-transitional.dtd">
<html xmlns="http://www.w3.org/1999/xhtml" xml:lang="en" lang="en">
 <head>
  <title>
</title>
<meta http-equiv="Content-Type" content="text/html;charset=utf-8" />
  <meta name='ocr-system' content='tesseract 3.04.00' />
  <meta name='ocr-capabilities' content='ocr_page ocr_carea ocr_par ocr_line ocrx_word'/>
</head>
<body>
  <div class='ocr_page' id='page_1' title='image "./praelectionesph00whisgoog/praelectionesph00whisgoog_0339.png"; bbox 0 0 2438 4328; ppageno 0'>
   <div class='ocr_carea' id='block_1_1' title="bbox 197 121 906 216">
    <p class='ocr_par' dir='ltr' id='par_1_1' title="bbox 197 121 906 216">
     <span class='ocr_line' id='line_1_1' title="bbox 197 121 906 216; baseline 0 -25"><span class='ocrx_word' id='word_1_1' title='bbox 197 145 266 216; x_wconf 68' lang='lat'>³³2</span> <span class='ocrx_word' id='word_1_2' title='bbox 459 121 906 193; x_wconf 62' lang='lat' dir='ltr'>rnoetrcrronrra</span> 
     </span>
    </p>
   </div>
   <div class='ocr_carea' id='block_1_2' title="bbox 126 240 1177 3739">
    <p class='ocr_par' dir='ltr' id='par_1_2' title="bbox 126 240 1177 3739">
     <span class='ocr_line' id='line_1_2' title="bbox 193 240 1164 359; baseline 0.005 -39"><span class='ocrx_word' id='word_1_3' title='bbox 193 248 277 321; x_wconf 86' lang='lat' dir='ltr'>endo</span> <span class='ocrx_word' id='word_1_4' title='bbox 285 249 355 321; x_wconf 88' lang='lat' dir='ltr'>lota</span> <span class='ocrx_word' id='word_1_5' title='bbox 360 248 478 348; x_wconf 81' lang='lat' dir='ltr'>semper</span> <span class='ocrx_word' id='word_1_6' title='bbox 486 245 601 320; x_wconf 69' lang='lat' dir='ltr'>debrit</span> <span class='ocrx_word' id='word_1_7' title='bbox 615 240 758 343; x_wconf 66' lang='lat' dir='ltr'>aquibus</span> <span class='ocrx_word' id='word_1_8' title='bbox 763 245 941 359; x_wconf 74' lang='lat' dir='ltr'>superiores</span> <span class='ocrx_word' id='word_1_9' title='bbox 954 250 1087 344; x_wconf 85' lang='lat' dir='ltr'>vaporis</span> <span class='ocrx_word' id='word_1_10' title='bbox 1094 270 1164 346; x_wconf 78' lang='lat' dir='ltr'>parto</span> 
     </span>
     <span class='ocr_line' id='line_1_3' title="bbox 192 342 1166 438; baseline 0.007 -22"><span class='ocrx_word' id='word_1_11' title='bbox 192 343 399 419; x_wconf 73' lang='lat' dir='ltr'>ascenderant.</span> <span class='ocrx_word' id='word_1_12' title='bbox 449 349 496 417; x_wconf 89' lang='lat' dir='ltr'>Et</span> <span class='ocrx_word' id='word_1_13' title='bbox 515 344 687 438; x_wconf 80' lang='lat' dir='ltr'><strong>obliquitas</strong></span> <span class='ocrx_word' id='word_1_14' title='bbox 699 342 756 417; x_wconf 89' lang='lat' dir='ltr'>ista</span> <span class='ocrx_word' id='word_1_15' title='bbox 767 368 875 419; x_wconf 87' lang='lat' dir='ltr'>uuoot</span> <span class='ocrx_word' id='word_1_16' title='bbox 893 347 965 419; x_wconf 86' lang='lat' dir='ltr'>erit</span> <span class='ocrx_word' id='word_1_17' title='bbox 979 345 1044 420; x_wconf 88' lang='lat' dir='ltr'>ubi</span> <span class='ocrx_word' id='word_1_18' title='bbox 1059 345 1166 423; x_wconf 84' lang='lat' dir='ltr'>ascensu</span> 
     </span>
     <span class='ocr_line' id='line_1_4' title="bbox 192 439 1165 541; baseline 0.005 -28"><span class='ocrx_word' id='word_1_19' title='bbox 192 446 317 541; x_wconf 82' lang='lat' dir='ltr'>vaporis</span> <span class='ocrx_word' id='word_1_20' title='bbox 330 444 472 517; x_wconf 86' lang='lat' dir='ltr'>velocior</span> <span class='ocrx_word' id='word_1_21' title='bbox 480 439 544 513; x_wconf 85' lang='lat' dir='ltr'>est:</span> <span class='ocrx_word' id='word_1_22' title='bbox 571 443 723 514; x_wconf 90' lang='lat' dir='ltr'>nimirum</span> <span class='ocrx_word' id='word_1_23' title='bbox 745 443 776 514; x_wconf 91' lang='lat' dir='ltr'>in</span> <span class='ocrx_word' id='word_1_24' title='bbox 793 442 912 515; x_wconf 85' lang='lat' dir='ltr'>vicinia</span> <span class='ocrx_word' id='word_1_25' title='bbox 933 444 1027 516; x_wconf 79' lang='lat' dir='ltr'>Solis</span> <span class='ocrx_word' id='word_1_26' title='bbox 1048 449 1084 515; x_wconf 79' lang='grc' dir='ltr'>δι</span> <span class='ocrx_word' id='word_1_27' title='bbox 1102 443 1165 534; x_wconf 78' lang='lat' dir='ltr'>jun</span> 
     </span>
     <span class='ocr_line' id='line_1_5' title="bbox 183 537 1164 640; baseline 0.005 -28"><span class='ocrx_word' id='word_1_28' title='bbox 183 563 306 640; x_wconf 74' lang='lat' dir='ltr'>⁴corpus</span> <span class='ocrx_word' id='word_1_29' title='bbox 323 541 456 614; x_wconf 77' lang='lat' dir='ltr'>sumans.</span> <span class='ocrx_word' id='word_1_30' title='bbox 505 543 559 610; x_wconf 78' lang='lat' dir='ltr'>Ex</span> <span class='ocrx_word' id='word_1_31' title='bbox 580 539 778 634; x_wconf 81' lang='lat' dir='ltr'>obliquitatis</span> <span class='ocrx_word' id='word_1_32' title='bbox 795 560 905 614; x_wconf 84' lang='lat' dir='ltr'>autem</span> <span class='ocrx_word' id='word_1_33' title='bbox 926 537 1164 617; x_wconf 83' lang='lat' dir='ltr'>diversitattiu·</span> 
     </span>
     <span class='ocr_line' id='line_1_6' title="bbox 191 636 1163 734; baseline 0.001 -24"><span class='ocrx_word' id='word_1_34' title='bbox 191 639 378 711; x_wconf 78' lang='lat' dir='ltr'>curvabitur</span> <span class='ocrx_word' id='word_1_35' title='bbox 391 638 514 734; x_wconf 86' lang='lat' dir='ltr'>vaporis</span> <span class='ocrx_word' id='word_1_36' title='bbox 531 638 697 709; x_wconf 69' lang='lat' dir='ltr'>columnae</span> <span class='ocrx_word' id='word_1_37' title='bbox 725 636 844 732; x_wconf 87' lang='lat' dir='ltr'>&amp;quia</span> <span class='ocrx_word' id='word_1_38' title='bbox 856 662 900 708; x_wconf 90' lang='lat' dir='ltr'>va</span> <span class='ocrx_word' id='word_1_39' title='bbox 944 639 1017 710; x_wconf 87' lang='lat' dir='ltr'>rin</span> <span class='ocrx_word' id='word_1_40' title='bbox 1031 640 1163 711; x_wconf 80' lang='lat' dir='ltr'>columna</span> 
     </span>
     <span class='ocr_line' id='line_1_7' title="bbox 187 731 1163 830; baseline 0.004 -24"><span class='ocrx_word' id='word_1_41' title='bbox 187 737 283 807; x_wconf 76' lang='lat' dir='ltr'>latere</span> <span class='ocrx_word' id='word_1_42' title='bbox 300 731 494 830; x_wconf 78' lang='lat' dir='ltr'>praecedente</span> <span class='ocrx_word' id='word_1_43' title='bbox 536 735 608 805; x_wconf 87' lang='lat' dir='ltr'>aulo</span> <span class='ocrx_word' id='word_1_44' title='bbox 621 734 776 805; x_wconf 86' lang='lat' dir='ltr'>recentior</span> <span class='ocrx_word' id='word_1_45' title='bbox 786 732 843 814; x_wconf 86' lang='lat' dir='ltr'>est,</span> <span class='ocrx_word' id='word_1_46' title='bbox 869 735 883 806; x_wconf 94' lang='lat' dir='ltr'>i</span> <span class='ocrx_word' id='word_1_47' title='bbox 962 737 1074 809; x_wconf 82' lang='lat' dir='ltr'>etiam</span> <span class='ocrx_word' id='word_1_48' title='bbox 1089 736 1163 810; x_wconf 86' lang='lat' dir='ltr'>isibi·</span> 
     </span>
     <span class='ocr_line' id='line_1_8' title="bbox 185 757 1163 930; baseline 0.005 -28"><span class='ocrx_word' id='word_1_49' title='bbox 185 830 262 902; x_wconf 88' lang='lat' dir='ltr'>dem</span> <span class='ocrx_word' id='word_1_50' title='bbox 276 833 436 926; x_wconf 84' lang='lat' dir='ltr'>aliquanto</span> <span class='ocrx_word' id='word_1_51' title='bbox 451 757 577 902; x_wconf 80' lang='lat' dir='ltr'>dtnlior</span> <span class='ocrx_word' id='word_1_52' title='bbox 595 832 670 910; x_wconf 88' lang='lat' dir='ltr'>erit,</span> <span class='ocrx_word' id='word_1_53' title='bbox 693 830 765 902; x_wconf 87' lang='lat' dir='ltr'>luce</span> <span class='ocrx_word' id='word_1_54' title='bbox 823 854 862 902; x_wconf 94' lang='lat' dir='ltr'>ue</span> <span class='ocrx_word' id='word_1_55' title='bbox 939 850 1062 929; x_wconf 82' lang='lat' dir='ltr'>pterea</span> <span class='ocrx_word' id='word_1_56' title='bbox 1077 835 1163 930; x_wconf 83' lang='lat' dir='ltr'>cupio</span> 
     </span>
     <span class='ocr_line' id='line_1_9' title="bbox 187 925 1163 1016; baseline 0.005 -18"><span class='ocrx_word' id='word_1_57' title='bbox 187 925 250 998; x_wconf 77' lang='lat' dir='ltr'>bus</span> <span class='ocrx_word' id='word_1_58' title='bbox 264 926 421 1008; x_wconf 65' lang='lat' dir='ltr'>refledtct,</span> <span class='ocrx_word' id='word_1_59' title='bbox 447 933 480 998; x_wconf 68' lang='grc' dir='ltr'>ἃ</span> <span class='ocrx_word' id='word_1_60' title='bbox 498 927 599 998; x_wconf 88' lang='lat' dir='ltr'>limite</span> <span class='ocrx_word' id='word_1_61' title='bbox 615 929 718 999; x_wconf 88' lang='lat' dir='ltr'>minus</span> <span class='ocrx_word' id='word_1_62' title='bbox 734 925 798 998; x_wconf 82' lang='lat' dir='ltr'>ind‘</span> <span class='ocrx_word' id='word_1_63' title='bbox 832 928 840 943; x_wconf 86' lang='lat'><em>&#39;</em></span> <span class='ocrx_word' id='word_1_64' title='bbox 896 954 920 1000; x_wconf 94' lang='lat' dir='ltr'>o</span> <span class='ocrx_word' id='word_1_65' title='bbox 938 930 1163 1016; x_wconf 81' lang='lat' dir='ltr'>termimbinu.</span> 
     </span>
     <span class='ocr_line' id='line_1_10' title="bbox 184 1021 1162 1124; baseline 0.005 -29"><span class='ocrx_word' id='word_1_66' title='bbox 184 1026 241 1095; x_wconf 90' lang='lat' dir='ltr'>De</span> <span class='ocrx_word' id='word_1_67' title='bbox 258 1021 429 1098; x_wconf 87' lang='lat' dir='ltr'>caudarum</span> <span class='ocrx_word' id='word_1_68' title='bbox 443 1023 667 1122; x_wconf 80' lang='lat' dir='ltr'>agitationibus</span> <span class='ocrx_word' id='word_1_69' title='bbox 679 1023 842 1096; x_wconf 89' lang='lat' dir='ltr'>subitaneis</span> <span class='ocrx_word' id='word_1_70' title='bbox 862 1029 898 1095; x_wconf 91' lang='lat'>&amp;</span> <span class='ocrx_word' id='word_1_71' title='bbox 911 1027 1066 1106; x_wconf 80' lang='lat' dir='ltr'>incertis,</span> <span class='ocrx_word' id='word_1_72' title='bbox 1078 1026 1162 1124; x_wconf 83' lang='lat' dir='ltr'>doque</span> 
     </span>
     <span class='ocr_line' id='line_1_11' title="bbox 182 1121 1161 1221; baseline 0.005 -28"><span class='ocrx_word' id='word_1_73' title='bbox 182 1145 291 1193; x_wconf 84' lang='lat' dir='ltr'>earum</span> <span class='ocrx_word' id='word_1_74' title='bbox 315 1121 428 1220; x_wconf 85' lang='lat' dir='ltr'>figuris</span> <span class='ocrx_word' id='word_1_75' title='bbox 450 1121 685 1217; x_wconf 76' lang='lat' dir='ltr'>irregularibus,</span> <span class='ocrx_word' id='word_1_76' title='bbox 709 1144 786 1216; x_wconf 88' lang='lat' dir='ltr'>quas</span> <span class='ocrx_word' id='word_1_77' title='bbox 808 1123 953 1194; x_wconf 90' lang='lat' dir='ltr'>nonnulli</span> <span class='ocrx_word' id='word_1_78' title='bbox 979 1123 1161 1221; x_wconf 82' lang='lat' dir='ltr'>quandoque</span> 
     </span>
     <span class='ocr_line' id='line_1_12' title="bbox 181 1213 1163 1314; baseline 0.005 -24"><span class='ocrx_word' id='word_1_79' title='bbox 181 1215 375 1301; x_wconf 87' lang='lat' dir='ltr'>describunt,</span> <span class='ocrx_word' id='word_1_80' title='bbox 387 1216 441 1291; x_wconf 91' lang='lat' dir='ltr'>hic</span> <span class='ocrx_word' id='word_1_81' title='bbox 459 1213 539 1290; x_wconf 86' lang='lat' dir='ltr'>nihil</span> <span class='ocrx_word' id='word_1_82' title='bbox 551 1216 687 1307; x_wconf 81' lang='lat' dir='ltr'>adjici03</span> <span class='ocrx_word' id='word_1_83' title='bbox 715 1239 878 1314; x_wconf 88' lang='lat' dir='ltr'>propterea</span> <span class='ocrx_word' id='word_1_84' title='bbox 891 1219 993 1312; x_wconf 92' lang='lat' dir='ltr'>quod</span> <span class='ocrx_word' id='word_1_85' title='bbox 1008 1223 1064 1293; x_wconf 88' lang='lat' dir='ltr'>vel</span> <span class='ocrx_word' id='word_1_86' title='bbox 1079 1223 1163 1297; x_wconf 77' lang='lat' dir='ltr'>dmu-</span> 
     </span>
     <span class='ocr_line' id='line_1_13' title="bbox 182 1313 1163 1398; baseline 0.007 -12"><span class='ocrx_word' id='word_1_87' title='bbox 182 1317 355 1391; x_wconf 85' lang='lat' dir='ltr'>tationibus</span> <span class='ocrx_word' id='word_1_88' title='bbox 374 1317 452 1388; x_wconf 86' lang='lat' dir='ltr'>aeris</span> <span class='ocrx_word' id='word_1_89' title='bbox 472 1313 582 1394; x_wconf 85' lang='lat' dir='ltr'>nostri,</span> <span class='ocrx_word' id='word_1_90' title='bbox 607 1320 641 1385; x_wconf 88' lang='lat'>&amp;</span> <span class='ocrx_word' id='word_1_91' title='bbox 661 1315 802 1387; x_wconf 88' lang='lat' dir='ltr'>motibus</span> <span class='ocrx_word' id='word_1_92' title='bbox 817 1315 956 1388; x_wconf 91' lang='lat' dir='ltr'>nubium</span> <span class='ocrx_word' id='word_1_93' title='bbox 982 1317 1104 1392; x_wconf 85' lang='lat' dir='ltr'>caudas</span> <span class='ocrx_word' id='word_1_94' title='bbox 1121 1323 1163 1398; x_wconf 81' lang='lat' dir='ltr'>tli-</span> 
     </span>
     <span class='ocr_line' id='line_1_14' title="bbox 181 1409 1164 1606; baseline 0.008 -28"><span class='ocrx_word' id='word_1_95' title='bbox 181 1409 1164 1606; x_wconf 49' lang='lat' dir='ltr'>lllblffoenlll&#39;lllmcilmdldsvilligisii</span> 
     </span>
     <span class='ocr_line' id='line_1_15' title="bbox 514 1556 526 1590; baseline 0 0"><span class='ocrx_word' id='word_1_96' title='bbox 514 1556 526 1590; x_wconf 60' lang='grc' dir='ltr'><strong>θ</strong></span> 
     </span>
     <span class='ocr_line' id='line_1_16' title="bbox 181 1604 1126 1705; baseline 0.006 -28"><span class='ocrx_word' id='word_1_97' title='bbox 181 1604 336 1680; x_wconf 86' lang='lat' dir='ltr'>confundi</span> <span class='ocrx_word' id='word_1_98' title='bbox 354 1604 480 1704; x_wconf 73' lang='lat' dir='ltr'>possint,</span> <span class='ocrx_word' id='word_1_99' title='bbox 506 1631 541 1677; x_wconf 93' lang='lat' dir='ltr'>ac</span> <span class='ocrx_word' id='word_1_100' title='bbox 556 1626 704 1698; x_wconf 80' lang='lat' dir='ltr'>tanquam</span> <span class='ocrx_word' id='word_1_101' title='bbox 717 1630 824 1679; x_wconf 90' lang='lat' dir='ltr'>earum</span> <span class='ocrx_word' id='word_1_102' title='bbox 834 1625 937 1703; x_wconf 83' lang='lat' dir='ltr'>partes</span> <span class='ocrx_word' id='word_1_103' title='bbox 950 1608 1126 1705; x_wconf 72' lang='lat' dir='ltr'>speblari.·</span> 
     </span>
     <span class='ocr_line' id='line_1_17' title="bbox 229 1700 1164 1802; baseline 0.004 -25"><span class='ocrx_word' id='word_1_104' title='bbox 229 1710 372 1801; x_wconf 85' lang='lat' dir='ltr'>Vapores</span> <span class='ocrx_word' id='word_1_105' title='bbox 386 1727 504 1784; x_wconf 89' lang='lat' dir='ltr'>autem,</span> <span class='ocrx_word' id='word_1_106' title='bbox 528 1705 587 1797; x_wconf 90' lang='lat' dir='ltr'>qui</span> <span class='ocrx_word' id='word_1_107' title='bbox 612 1700 715 1799; x_wconf 82' lang='lat' dir='ltr'>spatiis</span> <span class='ocrx_word' id='word_1_108' title='bbox 730 1724 796 1774; x_wconf 89' lang='lat' dir='ltr'>tam</span> <span class='ocrx_word' id='word_1_109' title='bbox 815 1700 976 1779; x_wconf 83' lang='lat' dir='ltr'>immenso</span> <span class='ocrx_word' id='word_1_110' title='bbox 1003 1705 1164 1802; x_wconf 71' lang='lat' dir='ltr'>implutdit</span> 
     </span>
     <span class='ocr_line' id='line_1_18' title="bbox 177 1795 1165 1899; baseline 0.007 -29"><span class='ocrx_word' id='word_1_111' title='bbox 177 1797 346 1882; x_wconf 87' lang='lat' dir='ltr'>sufficiant,</span> <span class='ocrx_word' id='word_1_112' title='bbox 371 1827 412 1874; x_wconf 87' lang='lat' dir='ltr'>ex</span> <span class='ocrx_word' id='word_1_113' title='bbox 430 1806 640 1873; x_wconf 84' lang='lat' dir='ltr'>Cometarum</span> <span class='ocrx_word' id='word_1_114' title='bbox 660 1795 888 1896; x_wconf 69' lang='lat' dir='ltr'>Atmospltaerit</span> <span class='ocrx_word' id='word_1_115' title='bbox 901 1802 987 1872; x_wconf 89' lang='lat' dir='ltr'>oriri</span> <span class='ocrx_word' id='word_1_116' title='bbox 1004 1801 1110 1899; x_wconf 85' lang='lat' dir='ltr'>polle,</span> <span class='ocrx_word' id='word_1_117' title='bbox 1127 1806 1165 1881; x_wconf 86' lang='lat' dir='ltr'>iu-</span> 
     </span>
     <span class='ocr_line' id='line_1_19' title="bbox 177 1892 1165 1993; baseline 0.007 -27"><span class='ocrx_word' id='word_1_118' title='bbox 177 1898 341 1993; x_wconf 81' lang='lat' dir='ltr'>telligetur</span> <span class='ocrx_word' id='word_1_119' title='bbox 358 1923 399 1970; x_wconf 85' lang='lat' dir='ltr'>ex</span> <span class='ocrx_word' id='word_1_120' title='bbox 414 1900 538 1970; x_wconf 83' lang='lat' dir='ltr'>raritate</span> <span class='ocrx_word' id='word_1_121' title='bbox 553 1898 630 1970; x_wconf 75' lang='lat' dir='ltr'>aeris</span> <span class='ocrx_word' id='word_1_122' title='bbox 647 1892 774 1969; x_wconf 89' lang='lat' dir='ltr'>Nostri.</span> <span class='ocrx_word' id='word_1_123' title='bbox 825 1901 913 1968; x_wconf 87' lang='lat' dir='ltr'>Nam</span> <span class='ocrx_word' id='word_1_124' title='bbox 934 1922 991 1968; x_wconf 89' lang='lat' dir='ltr'>aer</span> <span class='ocrx_word' id='word_1_125' title='bbox 1007 1899 1108 1989; x_wconf 85' lang='lat' dir='ltr'>juxta</span> <span class='ocrx_word' id='word_1_126' title='bbox 1124 1901 1165 1973; x_wconf 89' lang='lat' dir='ltr'>su·</span> 
     </span>
     <span class='ocr_line' id='line_1_20' title="bbox 176 1989 1177 2091; baseline 0.009 -28"><span class='ocrx_word' id='word_1_127' title='bbox 176 1992 339 2091; x_wconf 80' lang='lat' dir='ltr'>perficiem</span> <span class='ocrx_word' id='word_1_128' title='bbox 359 1998 470 2086; x_wconf 81' lang='lat' dir='ltr'>Terrae</span> <span class='ocrx_word' id='word_1_129' title='bbox 496 1994 629 2090; x_wconf 88' lang='lat' dir='ltr'>spatium</span> <span class='ocrx_word' id='word_1_130' title='bbox 659 2017 744 2065; x_wconf 87' lang='lat' dir='ltr'>occu</span> <span class='ocrx_word' id='word_1_131' title='bbox 766 2014 797 2065; x_wconf 91' lang='lat' dir='ltr'>at</span> <span class='ocrx_word' id='word_1_132' title='bbox 827 1989 914 2088; x_wconf 85' lang='lat' dir='ltr'>quali</span> <span class='ocrx_word' id='word_1_133' title='bbox 944 1993 1022 2087; x_wconf 87' lang='lat'>850</span> <span class='ocrx_word' id='word_1_134' title='bbox 1047 1999 1177 2090; x_wconf 71' lang='lat' dir='ltr'>vicibtrt¹</span> 
     </span>
     <span class='ocr_line' id='line_1_21' title="bbox 167 2016 1167 2185; baseline 0.01 -30"><span class='ocrx_word' id='word_1_135' title='bbox 167 2087 275 2176; x_wconf 75' lang='lat' dir='ltr'>‚majus</span> <span class='ocrx_word' id='word_1_136' title='bbox 289 2113 387 2182; x_wconf 89' lang='lat' dir='ltr'>quam</span> <span class='ocrx_word' id='word_1_137' title='bbox 407 2113 486 2181; x_wconf 85' lang='lat' dir='ltr'>aqua</span> <span class='ocrx_word' id='word_1_138' title='bbox 504 2087 644 2178; x_wconf 71' lang='lat' dir='ltr'>ejuffiem</span> <span class='ocrx_word' id='word_1_139' title='bbox 667 2016 825 2185; x_wconf 64' lang='lat' dir='ltr'>ponderis,</span> <span class='ocrx_word' id='word_1_140' title='bbox 850 2087 994 2184; x_wconf 79' lang='lat' dir='ltr'>ideoque</span> <span class='ocrx_word' id='word_1_141' title='bbox 1014 2098 1101 2168; x_wconf 84' lang='lat' dir='ltr'>aeris</span> <span class='ocrx_word' id='word_1_142' title='bbox 1119 2121 1167 2168; x_wconf 86' lang='lat' dir='ltr'>co·</span> 
     </span>
     <span class='ocr_line' id='line_1_22' title="bbox 173 2183 1166 2291; baseline 0.01 -36"><span class='ocrx_word' id='word_1_143' title='bbox 173 2185 281 2256; x_wconf 81' lang='lat' dir='ltr'>lumna</span> <span class='ocrx_word' id='word_1_144' title='bbox 308 2183 499 2282; x_wconf 87' lang='lat' dir='ltr'>Cylindrica</span> <span class='ocrx_word' id='word_1_145' title='bbox 522 2183 615 2282; x_wconf 86' lang='lat' dir='ltr'>pedes</span> <span class='ocrx_word' id='word_1_146' title='bbox 643 2185 710 2275; x_wconf 87' lang='lat'>850</span> <span class='ocrx_word' id='word_1_147' title='bbox 730 2187 790 2258; x_wconf 90' lang='lat' dir='ltr'>alta</span> <span class='ocrx_word' id='word_1_148' title='bbox 811 2184 954 2276; x_wconf 89' lang='lat' dir='ltr'>ejusdem</span> <span class='ocrx_word' id='word_1_149' title='bbox 977 2187 1032 2260; x_wconf 89' lang='lat' dir='ltr'>est</span> <span class='ocrx_word' id='word_1_150' title='bbox 1051 2191 1166 2291; x_wconf 88' lang='lat' dir='ltr'>ponde·</span> 
     </span>
     <span class='ocr_line' id='line_1_23' title="bbox 167 2280 1165 2377; baseline 0.01 -24"><span class='ocrx_word' id='word_1_151' title='bbox 167 2282 217 2363; x_wconf 62' lang='lat' dir='ltr'>‚ris</span> <span class='ocrx_word' id='word_1_152' title='bbox 232 2306 308 2353; x_wconf 87' lang='lat' dir='ltr'>cum</span> <span class='ocrx_word' id='word_1_153' title='bbox 324 2305 414 2375; x_wconf 85' lang='lat' dir='ltr'>aquae</span> <span class='ocrx_word' id='word_1_154' title='bbox 429 2280 689 2377; x_wconf 73' lang='lat' dir='ltr'>columnapedali</span> <span class='ocrx_word' id='word_1_155' title='bbox 702 2280 874 2355; x_wconf 85' lang='lat' dir='ltr'>latitudinis</span> <span class='ocrx_word' id='word_1_156' title='bbox 885 2281 1050 2373; x_wconf 69' lang='lat' dir='ltr'>ejusdem,</span> <span class='ocrx_word' id='word_1_157' title='bbox 1103 2294 1165 2363; x_wconf 89' lang='lat' dir='ltr'>Co-</span> 
     </span>
     <span class='ocr_line' id='line_1_24' title="bbox 172 2377 1166 2477; baseline 0.008 -25"><span class='ocrx_word' id='word_1_158' title='bbox 172 2380 281 2452; x_wconf 89' lang='lat' dir='ltr'>lumna</span> <span class='ocrx_word' id='word_1_159' title='bbox 296 2400 402 2454; x_wconf 88' lang='lat' dir='ltr'>autem</span> <span class='ocrx_word' id='word_1_160' title='bbox 419 2381 494 2451; x_wconf 86' lang='lat' dir='ltr'>aeris</span> <span class='ocrx_word' id='word_1_161' title='bbox 517 2377 557 2454; x_wconf 89' lang='lat' dir='ltr'>ad</span> <span class='ocrx_word' id='word_1_162' title='bbox 579 2378 791 2455; x_wconf 86' lang='lat' dir='ltr'>summitatem</span> <span class='ocrx_word' id='word_1_163' title='bbox 810 2379 1057 2477; x_wconf 80' lang='lat' dir='ltr'>Atmosphaerae</span> <span class='ocrx_word' id='word_1_164' title='bbox 1070 2382 1166 2459; x_wconf 79' lang='lat' dir='ltr'>&#39;allut-</span> 
     </span>
     <span class='ocr_line' id='line_1_25' title="bbox 165 2474 1164 2576; baseline 0.01 -30"><span class='ocrx_word' id='word_1_165' title='bbox 165 2499 246 2573; x_wconf 74' lang='lat' dir='ltr'>‚gens</span> <span class='ocrx_word' id='word_1_166' title='bbox 260 2497 364 2571; x_wconf 85' lang='lat' dir='ltr'>aequat</span> <span class='ocrx_word' id='word_1_167' title='bbox 379 2474 516 2574; x_wconf 85' lang='lat' dir='ltr'>pondere</span> <span class='ocrx_word' id='word_1_168' title='bbox 528 2476 584 2548; x_wconf 93' lang='lat' dir='ltr'>suo</span> <span class='ocrx_word' id='word_1_169' title='bbox 599 2478 778 2556; x_wconf 81' lang='lat' dir='ltr'>columnam</span> <span class='ocrx_word' id='word_1_170' title='bbox 790 2500 879 2569; x_wconf 82' lang='lat' dir='ltr'>aquae</span> <span class='ocrx_word' id='word_1_171' title='bbox 890 2475 988 2573; x_wconf 85' lang='lat' dir='ltr'>pedes</span> <span class='ocrx_word' id='word_1_172' title='bbox 1007 2507 1052 2576; x_wconf 80' lang='lat'>33</span> <span class='ocrx_word' id='word_1_173' title='bbox 1076 2485 1164 2555; x_wconf 87' lang='lat' dir='ltr'>altam</span> 
     </span>
     <span class='ocr_line' id='line_1_26' title="bbox 170 2570 1166 2674; baseline 0.004 -30"><span class='ocrx_word' id='word_1_174' title='bbox 170 2572 321 2655; x_wconf 79' lang='lat' dir='ltr'>circiter3</span> <span class='ocrx_word' id='word_1_175' title='bbox 349 2579 383 2645; x_wconf 73' lang='grc' dir='ltr'>δι</span> <span class='ocrx_word' id='word_1_176' title='bbox 404 2596 568 2670; x_wconf 87' lang='lat' dir='ltr'>propterea</span> <span class='ocrx_word' id='word_1_177' title='bbox 587 2571 610 2645; x_wconf 88' lang='lat' dir='ltr'>st</span> <span class='ocrx_word' id='word_1_178' title='bbox 626 2570 782 2646; x_wconf 76' lang='lat' dir='ltr'>columna</span> <span class='ocrx_word' id='word_1_179' title='bbox 797 2574 897 2645; x_wconf 89' lang='lat' dir='ltr'>totius</span> <span class='ocrx_word' id='word_1_180' title='bbox 915 2597 1020 2647; x_wconf 81' lang='lat' dir='ltr'>aereae</span> <span class='ocrx_word' id='word_1_181' title='bbox 1035 2601 1109 2674; x_wconf 84' lang='lat' dir='ltr'>pars</span> <span class='ocrx_word' id='word_1_182' title='bbox 1120 2582 1166 2650; x_wconf 57' lang='lat' dir='ltr'>in,</span> 
     </span>
     <span class='ocr_line' id='line_1_27' title="bbox 169 2667 1163 2768; baseline 0.007 -26"><span class='ocrx_word' id='word_1_183' title='bbox 169 2668 269 2742; x_wconf 86' lang='lat' dir='ltr'>serior</span> <span class='ocrx_word' id='word_1_184' title='bbox 288 2667 404 2766; x_wconf 86' lang='lat' dir='ltr'>pedum</span> <span class='ocrx_word' id='word_1_185' title='bbox 422 2668 488 2762; x_wconf 81' lang='lat'>850</span> <span class='ocrx_word' id='word_1_186' title='bbox 508 2669 684 2743; x_wconf 85' lang='lat' dir='ltr'>altitudinis</span> <span class='ocrx_word' id='word_1_187' title='bbox 701 2667 860 2748; x_wconf 75' lang='lat' dir='ltr'>dematur,</span> <span class='ocrx_word' id='word_1_188' title='bbox 884 2693 951 2767; x_wconf 88' lang='lat' dir='ltr'>pars</span> <span class='ocrx_word' id='word_1_189' title='bbox 965 2673 1103 2768; x_wconf 90' lang='lat' dir='ltr'>reliqua</span> <span class='ocrx_word' id='word_1_190' title='bbox 1119 2675 1163 2748; x_wconf 91' lang='lat' dir='ltr'>su·</span> 
     </span>
     <span class='ocr_line' id='line_1_28' title="bbox 162 2765 1160 2871; baseline 0.014 -39"><span class='ocrx_word' id='word_1_191' title='bbox 162 2767 288 2864; x_wconf 72' lang='lat' dir='ltr'>perio?</span> <span class='ocrx_word' id='word_1_192' title='bbox 296 2765 435 2862; x_wconf 83' lang='lat' dir='ltr'>aequabit</span> <span class='ocrx_word' id='word_1_193' title='bbox 459 2765 596 2865; x_wconf 83' lang='lat' dir='ltr'>pondere</span> <span class='ocrx_word' id='word_1_194' title='bbox 613 2770 670 2838; x_wconf 94' lang='lat' dir='ltr'>luo</span> <span class='ocrx_word' id='word_1_195' title='bbox 692 2770 873 2839; x_wconf 90' lang='lat' dir='ltr'>columnam</span> <span class='ocrx_word' id='word_1_196' title='bbox 888 2791 981 2858; x_wconf 79' lang='lat' dir='ltr'>aquae</span> <span class='ocrx_word' id='word_1_197' title='bbox 996 2772 1100 2845; x_wconf 86' lang='lat' dir='ltr'>altam</span> <span class='ocrx_word' id='word_1_198' title='bbox 1110 2797 1160 2871; x_wconf 83' lang='lat' dir='ltr'>pe·</span> 
     </span>
     <span class='ocr_line' id='line_1_29' title="bbox 159 2860 1159 2962; baseline 0.008 -28"><span class='ocrx_word' id='word_1_199' title='bbox 159 2861 225 2945; x_wconf 19' lang='lat' dir='ltr'>&#39;des</span> <span class='ocrx_word' id='word_1_200' title='bbox 239 2888 293 2959; x_wconf 83' lang='lat'>32.</span> <span class='ocrx_word' id='word_1_201' title='bbox 342 2860 422 2935; x_wconf 89' lang='lat' dir='ltr'>Inde</span> <span class='ocrx_word' id='word_1_202' title='bbox 434 2887 512 2934; x_wconf 87' lang='lat' dir='ltr'>vero</span> <span class='ocrx_word' id='word_1_203' title='bbox 534 2870 591 2946; x_wconf 83' lang='lat' dir='ltr'>(ex</span> <span class='ocrx_word' id='word_1_204' title='bbox 618 2860 804 2961; x_wconf 82' lang='lat' dir='ltr'>Hypothefi</span> <span class='ocrx_word' id='word_1_205' title='bbox 826 2865 934 2936; x_wconf 81' lang='lat' dir='ltr'>multis</span> <span class='ocrx_word' id='word_1_206' title='bbox 954 2871 1159 2962; x_wconf 86' lang='lat' dir='ltr'>experimen·</span> 
     </span>
     <span class='ocr_line' id='line_1_30' title="bbox 169 2956 1157 3057; baseline 0.006 -25"><span class='ocrx_word' id='word_1_207' title='bbox 169 2962 209 3032; x_wconf 85' lang='lat' dir='ltr'>tis</span> <span class='ocrx_word' id='word_1_208' title='bbox 223 2958 420 3040; x_wconf 86' lang='lat' dir='ltr'>confirmata,</span> <span class='ocrx_word' id='word_1_209' title='bbox 443 2956 535 3053; x_wconf 92' lang='lat' dir='ltr'>quod</span> <span class='ocrx_word' id='word_1_210' title='bbox 550 2958 737 3057; x_wconf 87' lang='lat' dir='ltr'>comprellio</span> <span class='ocrx_word' id='word_1_211' title='bbox 752 2966 827 3037; x_wconf 86' lang='lat' dir='ltr'>aeris</span> <span class='ocrx_word' id='word_1_212' title='bbox 840 2959 879 3032; x_wconf 81' lang='lat' dir='ltr'>stt</span> <span class='ocrx_word' id='word_1_213' title='bbox 895 2980 934 3032; x_wconf 89' lang='lat' dir='ltr'>ut</span> <span class='ocrx_word' id='word_1_214' title='bbox 992 2961 1082 3053; x_wconf 80' lang='lat' dir='ltr'>ndus</span> <span class='ocrx_word' id='word_1_215' title='bbox 1098 2971 1157 3047; x_wconf 77' lang='lat' dir='ltr'>At·</span> 
     </span>
     <span class='ocr_line' id='line_1_31' title="bbox 155 3054 1156 3159; baseline 0.006 -31"><span class='ocrx_word' id='word_1_216' title='bbox 155 3054 350 3155; x_wconf 58' lang='lat' dir='ltr'>‚mosphaerae</span> <span class='ocrx_word' id='word_1_217' title='bbox 362 3056 586 3138; x_wconf 82' lang='lat' dir='ltr'>incumbentis,</span> <span class='ocrx_word' id='word_1_218' title='bbox 610 3054 765 3150; x_wconf 85' lang='lat' dir='ltr'>quodque</span> <span class='ocrx_word' id='word_1_219' title='bbox 779 3058 914 3154; x_wconf 82' lang='lat' dir='ltr'>gravitas</span> <span class='ocrx_word' id='word_1_220' title='bbox 943 3077 970 3128; x_wconf 84' lang='lat' dir='ltr'>rt</span> <span class='ocrx_word' id='word_1_221' title='bbox 989 3063 1156 3159; x_wconf 82' lang='lat' dir='ltr'>reciproce</span> 
     </span>
     <span class='ocr_line' id='line_1_32' title="bbox 168 3149 1155 3249; baseline 0.007 -25"><span class='ocrx_word' id='word_1_222' title='bbox 168 3176 207 3226; x_wconf 91' lang='lat' dir='ltr'>ut</span> <span class='ocrx_word' id='word_1_223' title='bbox 219 3151 409 3249; x_wconf 88' lang='lat' dir='ltr'>quadratum</span> <span class='ocrx_word' id='word_1_224' title='bbox 420 3149 577 3227; x_wconf 70' lang='lat' dir='ltr'>distantiae</span> <span class='ocrx_word' id='word_1_225' title='bbox 592 3155 737 3226; x_wconf 88' lang='lat' dir='ltr'>locorum</span> <span class='ocrx_word' id='word_1_226' title='bbox 757 3156 894 3225; x_wconf 70' lang='lat' dir='ltr'>dcentro</span> <span class='ocrx_word' id='word_1_227' title='bbox 912 3158 1048 3245; x_wconf 85' lang='lat' dir='ltr'>Terrae)</span> <span class='ocrx_word' id='word_1_228' title='bbox 1066 3183 1155 3231; x_wconf 91' lang='lat' dir='ltr'>com·</span> 
     </span>
     <span class='ocr_line' id='line_1_33' title="bbox 165 3250 1153 3349; baseline 0.005 -27"><span class='ocrx_word' id='word_1_229' title='bbox 165 3252 363 3346; x_wconf 87' lang='lat' dir='ltr'>putationem</span> <span class='ocrx_word' id='word_1_230' title='bbox 376 3275 432 3349; x_wconf 90' lang='lat' dir='ltr'>per</span> <span class='ocrx_word' id='word_1_231' title='bbox 446 3251 571 3336; x_wconf 76' lang='lat' dir='ltr'>Coroll,</span> <span class='ocrx_word' id='word_1_232' title='bbox 591 3257 688 3349; x_wconf 90' lang='lat' dir='ltr'>Prop.</span> <span class='ocrx_word' id='word_1_233' title='bbox 701 3253 817 3329; x_wconf 83' lang='lat' dir='ltr'><strong>XXII.</strong></span> <span class='ocrx_word' id='word_1_234' title='bbox 832 3250 905 3323; x_wconf 91' lang='lat' dir='ltr'>Lib.</span> <span class='ocrx_word' id='word_1_235' title='bbox 920 3256 969 3321; x_wconf 86' lang='grc' dir='ltr'>ΙΙ.</span> <span class='ocrx_word' id='word_1_236' title='bbox 996 3253 1153 3341; x_wconf 87' lang='lat' dir='ltr'>ineundo,</span> 
     </span>
     <span class='ocr_line' id='line_1_34' title="bbox 164 3344 1153 3443; baseline 0.005 -24"><span class='ocrx_word' id='word_1_237' title='bbox 164 3347 272 3420; x_wconf 87' lang='lat' dir='ltr'>inveni</span> <span class='ocrx_word' id='word_1_238' title='bbox 282 3348 375 3443; x_wconf 94' lang='lat' dir='ltr'>quod</span> <span class='ocrx_word' id='word_1_239' title='bbox 389 3373 452 3430; x_wconf 85' lang='lat' dir='ltr'>aet,</span> <span class='ocrx_word' id='word_1_240' title='bbox 478 3345 503 3419; x_wconf 83' lang='lat' dir='ltr'>fi</span> <span class='ocrx_word' id='word_1_241' title='bbox 522 3344 703 3420; x_wconf 80' lang='lat' dir='ltr'>ascendatur</span> <span class='ocrx_word' id='word_1_242' title='bbox 721 3346 913 3436; x_wconf 75' lang='lat' dir='ltr'>rsuperficie</span> <span class='ocrx_word' id='word_1_243' title='bbox 928 3351 1042 3421; x_wconf 83' lang='lat' dir='ltr'>Terrae</span> <span class='ocrx_word' id='word_1_244' title='bbox 1060 3350 1103 3423; x_wconf 90' lang='lat' dir='ltr'>ad</span> <span class='ocrx_word' id='word_1_245' title='bbox 1111 3352 1153 3423; x_wconf 90' lang='lat' dir='ltr'>al·</span> 
     </span>
     <span class='ocr_line' id='line_1_35' title="bbox 163 3442 1153 3539; baseline 0.004 -21"><span class='ocrx_word' id='word_1_246' title='bbox 163 3443 335 3518; x_wconf 90' lang='lat' dir='ltr'>titudinem</span> <span class='ocrx_word' id='word_1_247' title='bbox 347 3442 571 3519; x_wconf 78' lang='lat' dir='ltr'>semidiametri</span> <span class='ocrx_word' id='word_1_248' title='bbox 586 3446 677 3532; x_wconf 68' lang='lat' dir='ltr'>uniua</span> <span class='ocrx_word' id='word_1_249' title='bbox 692 3443 854 3531; x_wconf 80' lang='lat' dir='ltr'>terrestris,</span> <span class='ocrx_word' id='word_1_250' title='bbox 878 3446 978 3515; x_wconf 84' lang='lat' dir='ltr'>rarior</span> <span class='ocrx_word' id='word_1_251' title='bbox 994 3442 1033 3519; x_wconf 83' lang='lat' dir='ltr'>lit</span> <span class='ocrx_word' id='word_1_252' title='bbox 1054 3462 1153 3539; x_wconf 81' lang='lat' dir='ltr'>quam</span> 
     </span>
     <span class='ocr_line' id='line_1_36' title="bbox 126 3540 1149 3638; baseline 0.003 -23"><span class='ocrx_word' id='word_1_253' title='bbox 126 3584 129 3594; x_wconf 43' lang='grc' dir='ltr'><em>ν</em></span> <span class='ocrx_word' id='word_1_254' title='bbox 162 3541 249 3638; x_wconf 87' lang='lat' dir='ltr'>apud</span> <span class='ocrx_word' id='word_1_255' title='bbox 265 3567 320 3614; x_wconf 86' lang='lat' dir='ltr'>nos</span> <span class='ocrx_word' id='word_1_256' title='bbox 335 3545 366 3616; x_wconf 89' lang='lat' dir='ltr'>in</span> <span class='ocrx_word' id='word_1_257' title='bbox 379 3544 499 3615; x_wconf 87' lang='lat' dir='ltr'>ratione</span> <span class='ocrx_word' id='word_1_258' title='bbox 512 3545 606 3638; x_wconf 84' lang='lat' dir='ltr'>longe</span> <span class='ocrx_word' id='word_1_259' title='bbox 620 3540 744 3633; x_wconf 85' lang='lat' dir='ltr'>majori,</span> <span class='ocrx_word' id='word_1_260' title='bbox 769 3565 866 3635; x_wconf 89' lang='lat' dir='ltr'>quam</span> <span class='ocrx_word' id='word_1_261' title='bbox 880 3541 969 3636; x_wconf 88' lang='lat' dir='ltr'>spatii</span> <span class='ocrx_word' id='word_1_262' title='bbox 981 3545 1089 3616; x_wconf 86' lang='lat' dir='ltr'>omnis</span> <span class='ocrx_word' id='word_1_263' title='bbox 1102 3550 1149 3618; x_wconf 91' lang='lat' dir='ltr'>in·</span> 
     </span>
     <span class='ocr_line' id='line_1_37' title="bbox 162 3635 1151 3739; baseline 0.001 -26"><span class='ocrx_word' id='word_1_264' title='bbox 162 3638 211 3713; x_wconf 88' lang='lat' dir='ltr'>fra</span> <span class='ocrx_word' id='word_1_265' title='bbox 222 3648 333 3712; x_wconf 90' lang='lat' dir='ltr'>orbem</span> <span class='ocrx_word' id='word_1_266' title='bbox 347 3641 472 3719; x_wconf 88' lang='lat' dir='ltr'>Saturni</span> <span class='ocrx_word' id='word_1_267' title='bbox 487 3638 528 3712; x_wconf 90' lang='lat' dir='ltr'>ad</span> <span class='ocrx_word' id='word_1_268' title='bbox 542 3639 678 3739; x_wconf 83' lang='lat' dir='ltr'>globum</span> <span class='ocrx_word' id='word_1_269' title='bbox 698 3637 853 3710; x_wconf 88' lang='lat' dir='ltr'>diametro</span> <span class='ocrx_word' id='word_1_270' title='bbox 867 3635 964 3732; x_wconf 81' lang='lat' dir='ltr'>digiti</span> <span class='ocrx_word' id='word_1_271' title='bbox 984 3642 1082 3713; x_wconf 88' lang='lat' dir='ltr'>unius</span> <span class='ocrx_word' id='word_1_272' title='bbox 1094 3640 1151 3714; x_wconf 86' lang='lat' dir='ltr'>de·</span> 
     </span>
    </p>
   </div>
   <div class='ocr_carea' id='block_1_3' title="bbox 21 3733 1152 3848">
    <p class='ocr_par' dir='ltr' id='par_1_3' title="bbox 21 3733 1152 3848">
     <span class='ocr_line' id='line_1_38' title="bbox 21 3733 1152 3848; baseline -0.012 -24"><span class='ocrx_word' id='word_1_273' title='bbox 21 3819 23 3824; x_wconf 89' lang='lat'><em>.</em></span> <span class='ocrx_word' id='word_1_274' title='bbox 149 3737 324 3841; x_wconf 68' lang='lat' dir='ltr'>scriptum.</span> <span class='ocrx_word' id='word_1_275' title='bbox 374 3735 517 3846; x_wconf 79' lang='lat' dir='ltr'>Ideoque</span> <span class='ocrx_word' id='word_1_276' title='bbox 532 3737 648 3848; x_wconf 79' lang='lat' dir='ltr'>globus</span> <span class='ocrx_word' id='word_1_277' title='bbox 667 3737 743 3812; x_wconf 84' lang='lat' dir='ltr'>aeris</span> <span class='ocrx_word' id='word_1_278' title='bbox 763 3733 859 3828; x_wconf 79' lang='lat' dir='ltr'>nostri</span> <span class='ocrx_word' id='word_1_279' title='bbox 877 3734 1022 3842; x_wconf 83' lang='lat' dir='ltr'>digitum</span> <span class='ocrx_word' id='word_1_280' title='bbox 1047 3761 1152 3827; x_wconf 83' lang='lat' dir='ltr'>unum</span> 
     </span>
    </p>
   </div>
   <div class='ocr_carea' id='block_1_4' title="bbox 1072 3835 1155 3927">
    <p class='ocr_par' dir='ltr' id='par_1_4' title="bbox 1072 3835 1155 3927">
     <span class='ocr_line' id='line_1_39' title="bbox 1072 3835 1155 3927; baseline -0.024 -1"><span class='ocrx_word' id='word_1_281' title='bbox 1072 3835 1155 3927; x_wconf 69' lang='lat' dir='ltr'>latu</span> 
     </span>
    </p>
   </div>
   <div class='ocr_carea' id='block_1_5' title="bbox 0 0 1224 4328">
    <p class='ocr_par' dir='ltr' id='par_1_5' title="bbox 0 0 1224 4328">
     <span class='ocr_line' id='line_1_40' title="bbox 0 0 1224 4328; baseline 0 9"><span class='ocrx_word' id='word_1_282' title='bbox 0 0 1224 4328; x_wconf 95' lang='lat' dir='ltr'> </span> 
     </span>
    </p>
   </div>
  </div>
 </body>
</html>
