<?xml version="1.0" encoding="UTF-8"?>
<!DOCTYPE html PUBLIC "-//W3C//DTD XHTML 1.0 Transitional//EN"
    "http://www.w3.org/TR/xhtml1/DTD/xhtml1-transitional.dtd">
<html xmlns="http://www.w3.org/1999/xhtml" xml:lang="en" lang="en">
 <head>
  <title>
</title>
<meta http-equiv="Content-Type" content="text/html;charset=utf-8" />
  <meta name='ocr-system' content='tesseract 3.04.00' />
  <meta name='ocr-capabilities' content='ocr_page ocr_carea ocr_par ocr_line ocrx_word'/>
</head>
<body>
  <div class='ocr_page' id='page_1' title='image "./praelectionesph00whisgoog/praelectionesph00whisgoog_0087.png"; bbox 0 0 2438 4328; ppageno 0'>
   <div class='ocr_carea' id='block_1_1' title="bbox 127 139 827 237">
    <p class='ocr_par' dir='ltr' id='par_1_1' title="bbox 127 139 827 237">
     <span class='ocr_line' id='line_1_1' title="bbox 127 139 827 237; baseline -0.007 -4"><span class='ocrx_word' id='word_1_1' title='bbox 127 161 176 237; x_wconf 75' lang='lat'>80</span> <span class='ocrx_word' id='word_1_2' title='bbox 383 139 827 228; x_wconf 55' lang='lat' dir='ltr'>rnaeuecrromns&#39;</span> 
     </span>
    </p>
   </div>
   <div class='ocr_carea' id='block_1_2' title="bbox 29 274 1156 3886">
    <p class='ocr_par' dir='ltr' id='par_1_2' title="bbox 29 274 1156 3886">
     <span class='ocr_line' id='line_1_2' title="bbox 123 274 1124 362; baseline -0.003 0"><span class='ocrx_word' id='word_1_3' title='bbox 123 306 235 362; x_wconf 76' lang='lat' dir='ltr'>curate</span> <span class='ocrx_word' id='word_1_4' title='bbox 358 287 416 360; x_wconf 91' lang='lat' dir='ltr'>ndi</span> <span class='ocrx_word' id='word_1_5' title='bbox 428 284 474 359; x_wconf 88' lang='lat' dir='ltr'>est</span> <span class='ocrx_word' id='word_1_6' title='bbox 486 291 617 360; x_wconf 93' lang='lat' dir='ltr'>omnino</span> <span class='ocrx_word' id='word_1_7' title='bbox 635 283 832 359; x_wconf 88' lang='lat' dir='ltr'>tribuendus.</span> <span class='ocrx_word' id='word_1_8' title='bbox 879 274 1035 359; x_wconf 72' lang='lat' dir='ltr'>Difficrle</span> <span class='ocrx_word' id='word_1_9' title='bbox 1048 284 1124 359; x_wconf 57' lang='lat' dir='ltr'>erl!</span> 
     </span>
     <span class='ocr_line' id='line_1_3' title="bbox 123 382 1122 484; baseline -0.002 -25"><span class='ocrx_word' id='word_1_10' title='bbox 123 406 196 459; x_wconf 89' lang='lat' dir='ltr'>tum</span> <span class='ocrx_word' id='word_1_11' title='bbox 215 384 349 484; x_wconf 88' lang='lat' dir='ltr'>pendua</span> <span class='ocrx_word' id='word_1_12' title='bbox 369 385 463 458; x_wconf 83' lang='lat' dir='ltr'>simul</span> <span class='ocrx_word' id='word_1_13' title='bbox 476 383 653 464; x_wconf 88' lang='lat' dir='ltr'>dimittere,</span> <span class='ocrx_word' id='word_1_14' title='bbox 678 382 721 453; x_wconf 88' lang='lat' dir='ltr'>src</span> <span class='ocrx_word' id='word_1_15' title='bbox 743 404 779 455; x_wconf 92' lang='lat' dir='ltr'>ut</span> <span class='ocrx_word' id='word_1_16' title='bbox 797 387 973 483; x_wconf 84' lang='lat' dir='ltr'>corporain</span> <span class='ocrx_word' id='word_1_17' title='bbox 988 384 1022 455; x_wconf 90' lang='lat' dir='ltr'>se</span> <span class='ocrx_word' id='word_1_18' title='bbox 1037 398 1122 457; x_wconf 54' lang='lat' dir='ltr'>mu³</span> 
     </span>
     <span class='ocr_line' id='line_1_4' title="bbox 123 479 1122 582; baseline -0.005 -26"><span class='ocrx_word' id='word_1_19' title='bbox 123 503 185 556; x_wconf 88' lang='lat' dir='ltr'>tuo</span> <span class='ocrx_word' id='word_1_20' title='bbox 207 487 416 582; x_wconf 86' lang='lat' dir='ltr'><strong>impingerent</strong></span> <span class='ocrx_word' id='word_1_21' title='bbox 436 485 469 552; x_wconf 89' lang='lat' dir='ltr'>in</span> <span class='ocrx_word' id='word_1_22' title='bbox 487 485 561 553; x_wconf 89' lang='lat' dir='ltr'>loco</span> <span class='ocrx_word' id='word_1_23' title='bbox 579 483 645 578; x_wconf 89' lang='lat' dir='ltr'>ipso</span> <span class='ocrx_word' id='word_1_24' title='bbox 665 479 777 552; x_wconf 82' lang='lat' dir='ltr'>infimo</span> <span class='ocrx_word' id='word_1_25' title='bbox 796 489 898 564; x_wconf 73' lang='grc' dir='ltr'>Αὸς</span> <span class='ocrx_word' id='word_1_26' title='bbox 925 501 1001 552; x_wconf 88' lang='lat' dir='ltr'>tum</span> <span class='ocrx_word' id='word_1_27' title='bbox 1016 482 1122 553; x_wconf 76' lang='lat' dir='ltr'>locat</span> 
     </span>
     <span class='ocr_line' id='line_1_5' title="bbox 122 576 1122 677; baseline -0.005 -24"><span class='ocrx_word' id='word_1_28' title='bbox 122 588 158 662; x_wconf 70' lang='grc' dir='ltr'>ἃ</span> <span class='ocrx_word' id='word_1_29' title='bbox 176 581 327 670; x_wconf 59' lang='lat' dir='ltr'>kuotare</span> <span class='ocrx_word' id='word_1_30' title='bbox 344 582 385 653; x_wconf 92' lang='lat' dir='ltr'>ad</span> <span class='ocrx_word' id='word_1_31' title='bbox 402 602 476 674; x_wconf 87' lang='lat' dir='ltr'>quae</span> <span class='ocrx_word' id='word_1_32' title='bbox 501 605 632 677; x_wconf 89' lang='lat' dir='ltr'>corpora</span> <span class='ocrx_word' id='word_1_33' title='bbox 652 577 857 650; x_wconf 87' lang='lat' dir='ltr'>ascendebant</span> <span class='ocrx_word' id='word_1_34' title='bbox 878 576 949 675; x_wconf 90' lang='lat' dir='ltr'>post</span> <span class='ocrx_word' id='word_1_35' title='bbox 967 584 1122 649; x_wconf 56' lang='lat' dir='ltr'>cononi</span> 
     </span>
     <span class='ocr_line' id='line_1_6' title="bbox 120 672 1120 775; baseline -0.006 -24"><span class='ocrx_word' id='word_1_36' title='bbox 120 672 191 751; x_wconf 76' lang='lat' dir='ltr'>fiam</span> <span class='ocrx_word' id='word_1_37' title='bbox 201 700 214 760; x_wconf 81' lang='lat'>3</span> <span class='ocrx_word' id='word_1_38' title='bbox 240 677 292 750; x_wconf 91' lang='lat' dir='ltr'>sed</span> <span class='ocrx_word' id='word_1_39' title='bbox 308 681 340 750; x_wconf 91' lang='lat' dir='ltr'>in</span> <span class='ocrx_word' id='word_1_40' title='bbox 353 672 425 775; x_wconf 84' lang='lat' dir='ltr'>ipsis</span> <span class='ocrx_word' id='word_1_41' title='bbox 442 678 526 775; x_wconf 75' lang='lat' dir='ltr'>pilis,</span> <span class='ocrx_word' id='word_1_42' title='bbox 551 682 669 771; x_wconf 86' lang='lat' dir='ltr'>quibus</span> <span class='ocrx_word' id='word_1_43' title='bbox 686 675 842 748; x_wconf 90' lang='lat' dir='ltr'>utendum</span> <span class='ocrx_word' id='word_1_44' title='bbox 861 696 939 755; x_wconf 82' lang='lat' dir='ltr'>crat,</span> <span class='ocrx_word' id='word_1_45' title='bbox 962 675 1120 769; x_wconf 63' lang='lat' dir='ltr'>irraequaa·</span> 
     </span>
     <span class='ocr_line' id='line_1_7' title="bbox 120 771 1118 872; baseline -0.005 -23"><span class='ocrx_word' id='word_1_46' title='bbox 120 776 306 872; x_wconf 81' lang='lat' dir='ltr'>lispartium</span> <span class='ocrx_word' id='word_1_47' title='bbox 318 773 463 855; x_wconf 79' lang='lat' dir='ltr'>densitas,</span> <span class='ocrx_word' id='word_1_48' title='bbox 478 782 512 846; x_wconf 62' lang='grc' dir='ltr'>ὃ(</span> <span class='ocrx_word' id='word_1_49' title='bbox 533 796 659 847; x_wconf 83' lang='lat' dir='ltr'>textura</span> <span class='ocrx_word' id='word_1_50' title='bbox 671 777 736 845; x_wconf 85' lang='lat' dir='ltr'>aliis</span> <span class='ocrx_word' id='word_1_51' title='bbox 748 772 789 845; x_wconf 88' lang='lat' dir='ltr'>de</span> <span class='ocrx_word' id='word_1_52' title='bbox 808 771 907 846; x_wconf 85' lang='lat' dir='ltr'>caufis</span> <span class='ocrx_word' id='word_1_53' title='bbox 926 772 1118 869; x_wconf 79' lang='lat' dir='ltr'>irregularis</span> 
     </span>
     <span class='ocr_line' id='line_1_8' title="bbox 121 868 1116 966; baseline -0.005 -21"><span class='ocrx_word' id='word_1_54' title='bbox 121 892 241 945; x_wconf 81' lang='lat' dir='ltr'>errores</span> <span class='ocrx_word' id='word_1_55' title='bbox 253 873 399 966; x_wconf 88' lang='lat' dir='ltr'>aliquales</span> <span class='ocrx_word' id='word_1_56' title='bbox 417 891 455 944; x_wconf 94' lang='lat' dir='ltr'>ut</span> <span class='ocrx_word' id='word_1_57' title='bbox 470 871 655 944; x_wconf 77' lang='lat' dir='ltr'>inducerent</span> <span class='ocrx_word' id='word_1_58' title='bbox 670 893 734 944; x_wconf 87' lang='lat' dir='ltr'>erat</span> <span class='ocrx_word' id='word_1_59' title='bbox 749 868 880 943; x_wconf 85' lang='lat' dir='ltr'>necesse.</span> <span class='ocrx_word' id='word_1_60' title='bbox 929 875 1035 942; x_wconf 86' lang='lat' dir='ltr'>Porro</span> <span class='ocrx_word' id='word_1_61' title='bbox 1051 884 1116 940; x_wconf 87' lang='lat' dir='ltr'>ne-&#39;</span> 
     </span>
     <span class='ocr_line' id='line_1_9' title="bbox 119 963 1117 1068; baseline 0 -29"><span class='ocrx_word' id='word_1_62' title='bbox 119 970 196 1062; x_wconf 83' lang='lat' dir='ltr'>quis</span> <span class='ocrx_word' id='word_1_63' title='bbox 209 967 342 1059; x_wconf 84' lang='lat' dir='ltr'>objiciat</span> <span class='ocrx_word' id='word_1_64' title='bbox 353 972 495 1068; x_wconf 83' lang='lat' dir='ltr'>regulam</span> <span class='ocrx_word' id='word_1_65' title='bbox 507 968 653 1064; x_wconf 84' lang='lat' dir='ltr'>adquam</span> <span class='ocrx_word' id='word_1_66' title='bbox 665 966 860 1066; x_wconf 85' lang='lat' dir='ltr'>probandam</span> <span class='ocrx_word' id='word_1_67' title='bbox 875 971 1044 1039; x_wconf 85' lang='lat' dir='ltr'>inventum</span> <span class='ocrx_word' id='word_1_68' title='bbox 1059 963 1117 1039; x_wconf 82' lang='lat' dir='ltr'>est</span> 
     </span>
     <span class='ocr_line' id='line_1_10' title="bbox 120 1062 1122 1166; baseline -0.001 -30"><span class='ocrx_word' id='word_1_69' title='bbox 120 1062 188 1136; x_wconf 84' lang='lat' dir='ltr'>hoc</span> <span class='ocrx_word' id='word_1_70' title='bbox 207 1070 459 1149; x_wconf 78' lang='lat' dir='ltr'>experimentum</span> <span class='ocrx_word' id='word_1_71' title='bbox 481 1069 578 1166; x_wconf 84' lang='lat' dir='ltr'>praesu</span> <span class='ocrx_word' id='word_1_72' title='bbox 602 1090 714 1163; x_wconf 88' lang='lat' dir='ltr'>ponere</span> <span class='ocrx_word' id='word_1_73' title='bbox 736 1090 865 1163; x_wconf 80' lang='lat' dir='ltr'>corpora</span> <span class='ocrx_word' id='word_1_74' title='bbox 888 1065 940 1135; x_wconf 92' lang='lat' dir='ltr'>vel</span> <span class='ocrx_word' id='word_1_75' title='bbox 961 1062 1122 1163; x_wconf 18' lang='lat' dir='ltr'>absolute-</span> 
     </span>
     <span class='ocr_line' id='line_1_11' title="bbox 119 1092 1112 1262; baseline 0.002 -29"><span class='ocrx_word' id='word_1_76' title='bbox 119 1159 202 1234; x_wconf 85' lang='lat' dir='ltr'>dura</span> <span class='ocrx_word' id='word_1_77' title='bbox 221 1161 294 1243; x_wconf 85' lang='lat' dir='ltr'>elle,</span> <span class='ocrx_word' id='word_1_78' title='bbox 318 1166 371 1235; x_wconf 90' lang='lat' dir='ltr'>vel</span> <span class='ocrx_word' id='word_1_79' title='bbox 388 1166 493 1236; x_wconf 85' lang='lat' dir='ltr'>saltem</span> <span class='ocrx_word' id='word_1_80' title='bbox 509 1092 648 1262; x_wconf 53' lang='lat' dir='ltr'>perdere</span> <span class='ocrx_word' id='word_1_81' title='bbox 666 1162 799 1243; x_wconf 80' lang='lat' dir='ltr'>elastica,</span> <span class='ocrx_word' id='word_1_82' title='bbox 825 1159 1009 1251; x_wconf 87' lang='lat' dir='ltr'>cujusmodi</span> <span class='ocrx_word' id='word_1_83' title='bbox 1021 1160 1112 1235; x_wconf 75' lang='lat' dir='ltr'>nulla</span> 
     </span>
     <span class='ocr_line' id='line_1_12' title="bbox 117 1255 1114 1359; baseline 0.001 -28"><span class='ocrx_word' id='word_1_84' title='bbox 117 1255 205 1331; x_wconf 87' lang='lat' dir='ltr'>sorte</span> <span class='ocrx_word' id='word_1_85' title='bbox 217 1263 460 1358; x_wconf 88' lang='lat' dir='ltr'>reperiunturin</span> <span class='ocrx_word' id='word_1_86' title='bbox 476 1258 759 1359; x_wconf 79' lang='lat' dir='ltr'>compositionibus</span> <span class='ocrx_word' id='word_1_87' title='bbox 780 1259 985 1340; x_wconf 83' lang='lat' dir='ltr'>naturalibus,</span> <span class='ocrx_word' id='word_1_88' title='bbox 1010 1256 1114 1332; x_wconf 65' lang='lat' dir='ltr'>addi:</span> 
     </span>
     <span class='ocr_line' id='line_1_13' title="bbox 117 1355 1113 1456; baseline -0.003 -26"><span class='ocrx_word' id='word_1_89' title='bbox 117 1376 191 1430; x_wconf 87' lang='lat' dir='ltr'>mus</span> <span class='ocrx_word' id='word_1_90' title='bbox 198 1356 290 1452; x_wconf 90' lang='lat' dir='ltr'>quod</span> <span class='ocrx_word' id='word_1_91' title='bbox 301 1361 515 1456; x_wconf 85' lang='lat' dir='ltr'>experimenta</span> <span class='ocrx_word' id='word_1_92' title='bbox 522 1357 746 1456; x_wconf 85' lang='lat' dir='ltr'>jamdescripta</span> <span class='ocrx_word' id='word_1_93' title='bbox 752 1355 925 1430; x_wconf 85' lang='lat' dir='ltr'>succedunt</span> <span class='ocrx_word' id='word_1_94' title='bbox 939 1358 971 1428; x_wconf 91' lang='lat' dir='ltr'>in</span> <span class='ocrx_word' id='word_1_95' title='bbox 985 1372 1113 1455; x_wconf 68' lang='lat' dir='ltr'>corpo·</span> 
     </span>
     <span class='ocr_line' id='line_1_14' title="bbox 117 1452 1110 1550; baseline 0.002 -24"><span class='ocrx_word' id='word_1_96' title='bbox 117 1452 1110 1550; x_wconf 70' lang='lat' dir='ltr'>ribusmollibusaequeacindurisvelelasticis,nimirumacon-³</span> 
     </span>
     <span class='ocr_line' id='line_1_15' title="bbox 117 1546 1109 1647; baseline 0.005 -25"><span class='ocrx_word' id='word_1_97' title='bbox 117 1546 240 1622; x_wconf 86' lang='lat' dir='ltr'>ditione</span> <span class='ocrx_word' id='word_1_98' title='bbox 260 1551 392 1625; x_wconf 89' lang='lat' dir='ltr'>duritiei</span> <span class='ocrx_word' id='word_1_99' title='bbox 408 1554 460 1626; x_wconf 86' lang='lat' dir='ltr'>vel</span> <span class='ocrx_word' id='word_1_100' title='bbox 470 1554 589 1624; x_wconf 88' lang='lat' dir='ltr'>elaterii</span> <span class='ocrx_word' id='word_1_101' title='bbox 607 1556 792 1646; x_wconf 87' lang='lat' dir='ltr'>neutiquam</span> <span class='ocrx_word' id='word_1_102' title='bbox 804 1548 981 1647; x_wconf 81' lang='lat' dir='ltr'>pendentia.</span> <span class='ocrx_word' id='word_1_103' title='bbox 1012 1557 1109 1627; x_wconf 81' lang='lat' dir='ltr'>Nam</span> 
     </span>
     <span class='ocr_line' id='line_1_16' title="bbox 118 1643 1114 1747; baseline 0.005 -29"><span class='ocrx_word' id='word_1_104' title='bbox 118 1643 145 1718; x_wconf 85' lang='lat' dir='ltr'>sr</span> <span class='ocrx_word' id='word_1_105' title='bbox 154 1646 298 1722; x_wconf 91' lang='lat' dir='ltr'>conditio</span> <span class='ocrx_word' id='word_1_106' title='bbox 311 1649 362 1722; x_wconf 86' lang='lat' dir='ltr'>illa</span> <span class='ocrx_word' id='word_1_107' title='bbox 374 1652 406 1722; x_wconf 90' lang='lat' dir='ltr'>in</span> <span class='ocrx_word' id='word_1_108' title='bbox 418 1650 605 1746; x_wconf 90' lang='lat' dir='ltr'>corporibus</span> <span class='ocrx_word' id='word_1_109' title='bbox 623 1675 685 1722; x_wconf 94' lang='lat' dir='ltr'>non</span> <span class='ocrx_word' id='word_1_110' title='bbox 705 1648 844 1747; x_wconf 70' lang='lat' dir='ltr'>perfecie</span> <span class='ocrx_word' id='word_1_111' title='bbox 862 1646 950 1719; x_wconf 84' lang='lat' dir='ltr'>duris</span> <span class='ocrx_word' id='word_1_112' title='bbox 965 1649 1024 1719; x_wconf 86' lang='lat' dir='ltr'>vel</span> <span class='ocrx_word' id='word_1_113' title='bbox 1041 1651 1114 1723; x_wconf 82' lang='lat' dir='ltr'>ela-¹</span> 
     </span>
     <span class='ocr_line' id='line_1_17' title="bbox 117 1739 1114 1829; baseline 0.005 -13"><span class='ocrx_word' id='word_1_114' title='bbox 117 1739 204 1818; x_wconf 79' lang='lat' dir='ltr'>sticis</span> <span class='ocrx_word' id='word_1_115' title='bbox 219 1746 365 1820; x_wconf 87' lang='lat' dir='ltr'>tentanda</span> <span class='ocrx_word' id='word_1_116' title='bbox 385 1746 444 1829; x_wconf 86' lang='lat' dir='ltr'>est,</span> <span class='ocrx_word' id='word_1_117' title='bbox 467 1746 597 1820; x_wconf 87' lang='lat' dir='ltr'>debebit</span> <span class='ocrx_word' id='word_1_118' title='bbox 621 1745 821 1819; x_wconf 88' lang='lat' dir='ltr'>solummodo</span> <span class='ocrx_word' id='word_1_119' title='bbox 844 1745 977 1816; x_wconf 79' lang='lat' dir='ltr'>reflexio</span> <span class='ocrx_word' id='word_1_120' title='bbox 996 1748 1114 1821; x_wconf 76' lang='lat' dir='ltr'>minui</span> 
     </span>
     <span class='ocr_line' id='line_1_18' title="bbox 117 1837 1115 1944; baseline 0.003 -30"><span class='ocrx_word' id='word_1_121' title='bbox 117 1837 149 1914; x_wconf 88' lang='lat' dir='ltr'>in</span> <span class='ocrx_word' id='word_1_122' title='bbox 176 1867 261 1917; x_wconf 85' lang='lat' dir='ltr'>certa</span> <span class='ocrx_word' id='word_1_123' title='bbox 282 1848 484 1944; x_wconf 83' lang='lat' dir='ltr'>proportione</span> <span class='ocrx_word' id='word_1_124' title='bbox 501 1867 561 1940; x_wconf 92' lang='lat' dir='ltr'>pro</span> <span class='ocrx_word' id='word_1_125' title='bbox 580 1845 753 1937; x_wconf 82' lang='lat' dir='ltr'>quantitate</span> <span class='ocrx_word' id='word_1_126' title='bbox 777 1845 826 1915; x_wconf 81' lang='lat' dir='ltr'>vis</span> <span class='ocrx_word' id='word_1_127' title='bbox 848 1839 981 1914; x_wconf 80' lang='lat' dir='ltr'>elasticae</span> <span class='ocrx_word' id='word_1_128' title='bbox 1002 1840 1115 1917; x_wconf 70' lang='lat' dir='ltr'>dini-1</span> 
     </span>
     <span class='ocr_line' id='line_1_19' title="bbox 115 1939 1113 2037; baseline 0.001 -26"><span class='ocrx_word' id='word_1_129' title='bbox 115 1962 217 2012; x_wconf 81' lang='lat' dir='ltr'>nutae.</span> <span class='ocrx_word' id='word_1_130' title='bbox 265 1948 304 2013; x_wconf 95' lang='lat' dir='ltr'>In</span> <span class='ocrx_word' id='word_1_131' title='bbox 322 1940 466 2014; x_wconf 85' lang='lat' dir='ltr'>Theoria</span> <span class='ocrx_word' id='word_1_132' title='bbox 480 1941 618 2013; x_wconf 88' lang='lat' dir='ltr'>Wrenni</span> <span class='ocrx_word' id='word_1_133' title='bbox 636 1949 670 2013; x_wconf 72' lang='grc' dir='ltr'>δι</span> <span class='ocrx_word' id='word_1_134' title='bbox 687 1942 833 2037; x_wconf 86' lang='lat' dir='ltr'>Hugenii</span> <span class='ocrx_word' id='word_1_135' title='bbox 853 1963 985 2036; x_wconf 86' lang='lat' dir='ltr'>corpora</span> <span class='ocrx_word' id='word_1_136' title='bbox 1011 1939 1113 2012; x_wconf 57' lang='lat' dir='ltr'>absoa</span> 
     </span>
     <span class='ocr_line' id='line_1_20' title="bbox 29 2032 1112 2133; baseline 0.003 -25"><span class='ocrx_word' id='word_1_137' title='bbox 29 2121 32 2127; x_wconf 24' lang='grc' dir='ltr'>Ι</span> <span class='ocrx_word' id='word_1_138' title='bbox 115 2032 186 2108; x_wconf 87' lang='lat' dir='ltr'>lute</span> <span class='ocrx_word' id='word_1_139' title='bbox 199 2034 280 2109; x_wconf 87' lang='lat' dir='ltr'>dura</span> <span class='ocrx_word' id='word_1_140' title='bbox 292 2035 428 2110; x_wconf 87' lang='lat' dir='ltr'>redeunt</span> <span class='ocrx_word' id='word_1_141' title='bbox 441 2038 480 2109; x_wconf 85' lang='lat' dir='ltr'>ab</span> <span class='ocrx_word' id='word_1_142' title='bbox 493 2037 632 2109; x_wconf 88' lang='lat' dir='ltr'>invicem</span> <span class='ocrx_word' id='word_1_143' title='bbox 648 2064 723 2111; x_wconf 89' lang='lat' dir='ltr'>cum</span> <span class='ocrx_word' id='word_1_144' title='bbox 736 2038 905 2108; x_wconf 83' lang='lat' dir='ltr'>velocitate</span> <span class='ocrx_word' id='word_1_145' title='bbox 918 2034 1112 2133; x_wconf 57' lang='lat' dir='ltr'>congressu?</span> 
     </span>
     <span class='ocr_line' id='line_1_21' title="bbox 115 2128 1111 2208; baseline 0.004 -4"><span class='ocrx_word' id='word_1_146' title='bbox 115 2134 266 2205; x_wconf 70' lang='lat' dir='ltr'>relativae</span> <span class='ocrx_word' id='word_1_147' title='bbox 293 2128 357 2206; x_wconf 80' lang='lat' dir='ltr'>sed</span> <span class='ocrx_word' id='word_1_148' title='bbox 368 2159 444 2205; x_wconf 90' lang='lat' dir='ltr'>cum</span> <span class='ocrx_word' id='word_1_149' title='bbox 461 2135 517 2204; x_wconf 88' lang='lat' dir='ltr'>Cl.</span> <span class='ocrx_word' id='word_1_150' title='bbox 530 2133 679 2207; x_wconf 87' lang='lat' dir='ltr'>Wallisro</span> <span class='ocrx_word' id='word_1_151' title='bbox 693 2137 824 2206; x_wconf 92' lang='lat' dir='ltr'>omnino</span> <span class='ocrx_word' id='word_1_152' title='bbox 844 2132 1021 2205; x_wconf 89' lang='lat' dir='ltr'>dicendum</span> <span class='ocrx_word' id='word_1_153' title='bbox 1036 2131 1111 2208; x_wconf 77' lang='lat' dir='ltr'>hoe&#39;</span> 
     </span>
     <span class='ocr_line' id='line_1_22' title="bbox 115 2229 1110 2326; baseline 0.005 -25"><span class='ocrx_word' id='word_1_154' title='bbox 115 2231 148 2301; x_wconf 91' lang='lat' dir='ltr'>in</span> <span class='ocrx_word' id='word_1_155' title='bbox 167 2229 450 2326; x_wconf 69' lang='lat' dir='ltr'>persedeelasticis</span> <span class='ocrx_word' id='word_1_156' title='bbox 461 2250 585 2303; x_wconf 85' lang='lat' dir='ltr'>tantum</span> <span class='ocrx_word' id='word_1_157' title='bbox 598 2232 761 2314; x_wconf 83' lang='lat' dir='ltr'>obtinere3</span> <span class='ocrx_word' id='word_1_158' title='bbox 789 2237 823 2301; x_wconf 71' lang='grc' dir='ltr'>δι</span> <span class='ocrx_word' id='word_1_159' title='bbox 836 2232 906 2302; x_wconf 84' lang='lat' dir='ltr'>alias</span> <span class='ocrx_word' id='word_1_160' title='bbox 920 2229 1047 2326; x_wconf 82' lang='lat' dir='ltr'>prorsus</span> <span class='ocrx_word' id='word_1_161' title='bbox 1067 2234 1110 2306; x_wconf 76' lang='lat' dir='ltr'>in</span> 
     </span>
     <span class='ocr_line' id='line_1_23' title="bbox 114 2325 1111 2424; baseline 0.005 -26"><span class='ocrx_word' id='word_1_162' title='bbox 114 2327 304 2424; x_wconf 77' lang='lat' dir='ltr'>corporibus</span> <span class='ocrx_word' id='word_1_163' title='bbox 319 2352 383 2399; x_wconf 91' lang='lat' dir='ltr'>non</span> <span class='ocrx_word' id='word_1_164' title='bbox 393 2326 537 2408; x_wconf 80' lang='lat' dir='ltr'>elasticis‚</span> <span class='ocrx_word' id='word_1_165' title='bbox 550 2326 615 2400; x_wconf 83' lang='lat' dir='ltr'>five</span> <span class='ocrx_word' id='word_1_166' title='bbox 628 2330 789 2409; x_wconf 82' lang='lat' dir='ltr'>mollibus,</span> <span class='ocrx_word' id='word_1_167' title='bbox 803 2325 979 2407; x_wconf 71' lang='lat' dir='ltr'>mederis,</span> <span class='ocrx_word' id='word_1_168' title='bbox 999 2338 1111 2423; x_wconf 78' lang='lat' dir='ltr'>quant</span> 
     </span>
     <span class='ocr_line' id='line_1_24' title="bbox 114 2417 1109 2523; baseline 0.003 -27"><span class='ocrx_word' id='word_1_169' title='bbox 114 2424 149 2496; x_wconf 88' lang='lat' dir='ltr'>in</span> <span class='ocrx_word' id='word_1_170' title='bbox 173 2422 304 2497; x_wconf 82' lang='lat' dir='ltr'>elasticis</span> <span class='ocrx_word' id='word_1_171' title='bbox 320 2427 403 2523; x_wconf 85' lang='lat' dir='ltr'>leges</span> <span class='ocrx_word' id='word_1_172' title='bbox 422 2428 523 2498; x_wconf 84' lang='lat' dir='ltr'>valere</span> <span class='ocrx_word' id='word_1_173' title='bbox 548 2417 761 2509; x_wconf 81' lang='lat' dir='ltr'>asserendum3</span> <span class='ocrx_word' id='word_1_174' title='bbox 788 2446 885 2522; x_wconf 93' lang='lat' dir='ltr'>prout</span> <span class='ocrx_word' id='word_1_175' title='bbox 896 2450 937 2496; x_wconf 83' lang='lat' dir='ltr'>ex</span> <span class='ocrx_word' id='word_1_176' title='bbox 945 2425 1026 2497; x_wconf 89' lang='lat' dir='ltr'>olim</span> <span class='ocrx_word' id='word_1_177' title='bbox 1041 2440 1109 2499; x_wconf 49' lang='lat' dir='ltr'>ex!</span> 
     </span>
     <span class='ocr_line' id='line_1_25' title="bbox 114 2518 1107 2620; baseline 0.004 -29"><span class='ocrx_word' id='word_1_178' title='bbox 114 2518 225 2619; x_wconf 84' lang='lat' dir='ltr'>positis</span> <span class='ocrx_word' id='word_1_179' title='bbox 243 2521 289 2593; x_wconf 92' lang='lat' dir='ltr'>est</span> <span class='ocrx_word' id='word_1_180' title='bbox 317 2521 440 2594; x_wconf 86' lang='lat' dir='ltr'>abunde</span> <span class='ocrx_word' id='word_1_181' title='bbox 462 2522 676 2596; x_wconf 84' lang='lat' dir='ltr'>manifestum.</span> <span class='ocrx_word' id='word_1_182' title='bbox 726 2523 895 2620; x_wconf 84' lang='lat' dir='ltr'>Speciatim</span> <span class='ocrx_word' id='word_1_183' title='bbox 920 2546 1001 2593; x_wconf 91' lang='lat' dir='ltr'>vero</span> <span class='ocrx_word' id='word_1_184' title='bbox 1024 2538 1107 2595; x_wconf 85' lang='lat' dir='ltr'>cor-¹</span> 
     </span>
     <span class='ocr_line' id='line_1_26' title="bbox 113 2616 1108 2717; baseline 0.003 -28"><span class='ocrx_word' id='word_1_185' title='bbox 113 2620 254 2717; x_wconf 83' lang='lat' dir='ltr'>porailla</span> <span class='ocrx_word' id='word_1_186' title='bbox 265 2619 366 2691; x_wconf 92' lang='lat' dir='ltr'>solum</span> <span class='ocrx_word' id='word_1_187' title='bbox 385 2644 458 2713; x_wconf 86' lang='lat' dir='ltr'>quae</span> <span class='ocrx_word' id='word_1_188' title='bbox 482 2619 552 2692; x_wconf 94' lang='lat' dir='ltr'>sunt</span> <span class='ocrx_word' id='word_1_189' title='bbox 572 2621 709 2716; x_wconf 67' lang='lat' dir='ltr'>perfecie</span> <span class='ocrx_word' id='word_1_190' title='bbox 724 2616 848 2694; x_wconf 85' lang='lat' dir='ltr'>elastiea</span> <span class='ocrx_word' id='word_1_191' title='bbox 864 2617 936 2715; x_wconf 89' lang='lat' dir='ltr'>post</span> <span class='ocrx_word' id='word_1_192' title='bbox 955 2618 1108 2692; x_wconf 67' lang='lat' dir='ltr'>collisio-¹</span> 
     </span>
     <span class='ocr_line' id='line_1_27' title="bbox 112 2713 1107 2815; baseline 0 -28"><span class='ocrx_word' id='word_1_193' title='bbox 112 2738 166 2788; x_wconf 86' lang='lat' dir='ltr'>nes</span> <span class='ocrx_word' id='word_1_194' title='bbox 176 2738 302 2790; x_wconf 80' lang='lat' dir='ltr'>mutuas</span> <span class='ocrx_word' id='word_1_195' title='bbox 324 2713 458 2789; x_wconf 87' lang='lat' dir='ltr'>redeunt</span> <span class='ocrx_word' id='word_1_196' title='bbox 472 2717 510 2789; x_wconf 86' lang='lat' dir='ltr'>ab</span> <span class='ocrx_word' id='word_1_197' title='bbox 524 2719 663 2790; x_wconf 84' lang='lat' dir='ltr'>invicem</span> <span class='ocrx_word' id='word_1_198' title='bbox 677 2743 751 2789; x_wconf 91' lang='lat' dir='ltr'>cum</span> <span class='ocrx_word' id='word_1_199' title='bbox 765 2718 934 2788; x_wconf 89' lang='lat' dir='ltr'>velocitate</span> <span class='ocrx_word' id='word_1_200' title='bbox 950 2718 1107 2815; x_wconf 65' lang='lat' dir='ltr'>congrell‘</span> 
     </span>
     <span class='ocr_line' id='line_1_28' title="bbox 112 2811 1104 2910; baseline 0.001 -24"><span class='ocrx_word' id='word_1_201' title='bbox 112 2812 173 2896; x_wconf 79' lang='lat' dir='ltr'>sus,</span> <span class='ocrx_word' id='word_1_202' title='bbox 192 2812 367 2887; x_wconf 89' lang='lat' dir='ltr'>seeundum</span> <span class='ocrx_word' id='word_1_203' title='bbox 385 2836 492 2886; x_wconf 89' lang='lat' dir='ltr'>motus</span> <span class='ocrx_word' id='word_1_204' title='bbox 513 2818 635 2910; x_wconf 83' lang='lat' dir='ltr'>Legem</span> <span class='ocrx_word' id='word_1_205' title='bbox 660 2829 738 2886; x_wconf 74' lang='lat'>16⁰¹.</span> <span class='ocrx_word' id='word_1_206' title='bbox 764 2811 876 2885; x_wconf 90' lang='lat' dir='ltr'>eodem</span> <span class='ocrx_word' id='word_1_207' title='bbox 893 2813 1104 2910; x_wconf 73' lang='lat' dir='ltr'>speclantem,¹</span> 
     </span>
     <span class='ocr_line' id='line_1_29' title="bbox 111 2908 1104 3010; baseline 0.001 -28"><span class='ocrx_word' id='word_1_208' title='bbox 111 2928 208 3008; x_wconf 89' lang='lat' dir='ltr'>prout</span> <span class='ocrx_word' id='word_1_209' title='bbox 223 2912 425 3010; x_wconf 84' lang='lat' dir='ltr'>inprioribus</span> <span class='ocrx_word' id='word_1_210' title='bbox 443 2911 656 3007; x_wconf 86' lang='lat' dir='ltr'>exposuimus.</span> <span class='ocrx_word' id='word_1_211' title='bbox 707 2917 745 2981; x_wconf 92' lang='lat' dir='ltr'>In</span> <span class='ocrx_word' id='word_1_212' title='bbox 765 2910 948 3006; x_wconf 72' lang='lat' dir='ltr'>impersecle</span> <span class='ocrx_word' id='word_1_213' title='bbox 962 2908 1104 2993; x_wconf 68' lang='lat' dir='ltr'>elastici5</span> 
     </span>
     <span class='ocr_line' id='line_1_30' title="bbox 112 3006 1102 3089; baseline 0.005 -11"><span class='ocrx_word' id='word_1_214' title='bbox 112 3009 263 3078; x_wconf 73' lang='lat' dir='ltr'>velocitas</span> <span class='ocrx_word' id='word_1_215' title='bbox 277 3008 398 3081; x_wconf 87' lang='lat' dir='ltr'>reditus</span> <span class='ocrx_word' id='word_1_216' title='bbox 413 3006 581 3080; x_wconf 84' lang='lat' dir='ltr'>minuenda</span> <span class='ocrx_word' id='word_1_217' title='bbox 594 3007 640 3079; x_wconf 89' lang='lat' dir='ltr'>est</span> <span class='ocrx_word' id='word_1_218' title='bbox 654 3006 747 3079; x_wconf 85' lang='lat' dir='ltr'>fimul</span> <span class='ocrx_word' id='word_1_219' title='bbox 761 3034 836 3078; x_wconf 90' lang='lat' dir='ltr'>cum</span> <span class='ocrx_word' id='word_1_220' title='bbox 851 3008 886 3079; x_wconf 86' lang='lat' dir='ltr'>vi</span> <span class='ocrx_word' id='word_1_221' title='bbox 900 3006 1037 3089; x_wconf 83' lang='lat' dir='ltr'>elastica,</span> <span class='ocrx_word' id='word_1_222' title='bbox 1061 3015 1102 3083; x_wconf 74' lang='lat' dir='ltr'>dd</span> 
     </span>
     <span class='ocr_line' id='line_1_31' title="bbox 111 3102 1102 3202; baseline 0 -24"><span class='ocrx_word' id='word_1_223' title='bbox 111 3105 144 3178; x_wconf 81' lang='lat' dir='ltr'>ln</span> <span class='ocrx_word' id='word_1_224' title='bbox 166 3102 305 3194; x_wconf 87' lang='lat' dir='ltr'>ejusdem</span> <span class='ocrx_word' id='word_1_225' title='bbox 327 3102 497 3178; x_wconf 87' lang='lat' dir='ltr'>diminutae</span> <span class='ocrx_word' id='word_1_226' title='bbox 521 3103 653 3185; x_wconf 87' lang='lat' dir='ltr'>ratione,</span> <span class='ocrx_word' id='word_1_227' title='bbox 678 3125 840 3202; x_wconf 81' lang='lat' dir='ltr'>propterea</span> <span class='ocrx_word' id='word_1_228' title='bbox 859 3104 954 3199; x_wconf 86' lang='lat' dir='ltr'>quod</span> <span class='ocrx_word' id='word_1_229' title='bbox 971 3106 1020 3176; x_wconf 84' lang='lat' dir='ltr'>ris</span> <span class='ocrx_word' id='word_1_230' title='bbox 1041 3108 1102 3181; x_wconf 73' lang='lat' dir='ltr'>illc</span> 
     </span>
     <span class='ocr_line' id='line_1_32' title="bbox 110 3199 1101 3300; baseline 0.003 -27"><span class='ocrx_word' id='word_1_231' title='bbox 110 3200 234 3275; x_wconf 85' lang='lat' dir='ltr'>elastica</span> <span class='ocrx_word' id='word_1_232' title='bbox 248 3199 322 3294; x_wconf 80' lang='lat' dir='ltr'>(nisi</span> <span class='ocrx_word' id='word_1_233' title='bbox 337 3204 394 3275; x_wconf 93' lang='lat' dir='ltr'>ubi</span> <span class='ocrx_word' id='word_1_234' title='bbox 412 3223 511 3300; x_wconf 85' lang='lat' dir='ltr'>partes</span> <span class='ocrx_word' id='word_1_235' title='bbox 529 3226 696 3298; x_wconf 91' lang='lat' dir='ltr'>corporum</span> <span class='ocrx_word' id='word_1_236' title='bbox 718 3229 758 3273; x_wconf 85' lang='lat' dir='ltr'>ex</span> <span class='ocrx_word' id='word_1_237' title='bbox 781 3199 947 3300; x_wconf 83' lang='lat' dir='ltr'>congressu</span> <span class='ocrx_word' id='word_1_238' title='bbox 968 3199 1101 3276; x_wconf 71' lang='lat' dir='ltr'>[edun-l</span> 
     </span>
     <span class='ocr_line' id='line_1_33' title="bbox 110 3296 1099 3396; baseline 0.001 -25"><span class='ocrx_word' id='word_1_239' title='bbox 110 3312 176 3378; x_wconf 78' lang='lat' dir='ltr'>tur,</span> <span class='ocrx_word' id='word_1_240' title='bbox 199 3299 251 3371; x_wconf 86' lang='lat' dir='ltr'>vel</span> <span class='ocrx_word' id='word_1_241' title='bbox 262 3296 477 3372; x_wconf 83' lang='lat' dir='ltr'>extensionem</span> <span class='ocrx_word' id='word_1_242' title='bbox 492 3303 658 3394; x_wconf 83' lang='lat' dir='ltr'>aliqualem</span> <span class='ocrx_word' id='word_1_243' title='bbox 670 3297 759 3393; x_wconf 81' lang='lat' dir='ltr'>quasi</span> <span class='ocrx_word' id='word_1_244' title='bbox 773 3300 829 3370; x_wconf 94' lang='lat' dir='ltr'>sub</span> <span class='ocrx_word' id='word_1_245' title='bbox 840 3302 953 3371; x_wconf 85' lang='lat' dir='ltr'>malleo</span> <span class='ocrx_word' id='word_1_246' title='bbox 965 3302 1099 3396; x_wconf 77' lang='lat' dir='ltr'>parium-¹</span> 
     </span>
     <span class='ocr_line' id='line_1_34' title="bbox 108 3393 1096 3493; baseline 0.001 -24"><span class='ocrx_word' id='word_1_247' title='bbox 108 3403 183 3482; x_wconf 84' lang='lat' dir='ltr'>tur)</span> <span class='ocrx_word' id='word_1_248' title='bbox 203 3393 334 3468; x_wconf 89' lang='lat' dir='ltr'>videtur</span> <span class='ocrx_word' id='word_1_249' title='bbox 353 3395 414 3468; x_wconf 85' lang='lat' dir='ltr'>esse</span> <span class='ocrx_word' id='word_1_250' title='bbox 431 3402 462 3469; x_wconf 89' lang='lat' dir='ltr'>in</span> <span class='ocrx_word' id='word_1_251' title='bbox 487 3398 516 3469; x_wconf 87' lang='lat' dir='ltr'>se</span> <span class='ocrx_word' id='word_1_252' title='bbox 538 3420 621 3469; x_wconf 86' lang='lat' dir='ltr'>certa</span> <span class='ocrx_word' id='word_1_253' title='bbox 641 3396 906 3476; x_wconf 72' lang='lat' dir='ltr'>&amp;determinata</span> <span class='ocrx_word' id='word_1_254' title='bbox 930 3396 1096 3493; x_wconf 68' lang='lat' dir='ltr'>saeiaiqud</span> 
     </span>
     <span class='ocr_line' id='line_1_35' title="bbox 107 3493 1094 3589; baseline 0.002 -24"><span class='ocrx_word' id='word_1_255' title='bbox 107 3510 241 3589; x_wconf 72' lang='lat' dir='ltr'>corpora</span> <span class='ocrx_word' id='word_1_256' title='bbox 254 3493 357 3566; x_wconf 86' lang='lat' dir='ltr'>redire</span> <span class='ocrx_word' id='word_1_257' title='bbox 375 3495 413 3566; x_wconf 90' lang='lat' dir='ltr'>ab</span> <span class='ocrx_word' id='word_1_258' title='bbox 428 3498 565 3567; x_wconf 90' lang='lat' dir='ltr'>invicem</span> <span class='ocrx_word' id='word_1_259' title='bbox 585 3521 660 3567; x_wconf 91' lang='lat' dir='ltr'>cum</span> <span class='ocrx_word' id='word_1_260' title='bbox 682 3497 850 3566; x_wconf 87' lang='lat' dir='ltr'>velocitate</span> <span class='ocrx_word' id='word_1_261' title='bbox 869 3497 997 3567; x_wconf 78' lang='lat' dir='ltr'>relativa</span> <span class='ocrx_word' id='word_1_262' title='bbox 1013 3510 1094 3588; x_wconf 74' lang='lat' dir='ltr'>quae</span> 
     </span>
     <span class='ocr_line' id='line_1_36' title="bbox 108 3587 1095 3668; baseline 0.008 -8"><span class='ocrx_word' id='word_1_263' title='bbox 108 3587 200 3662; x_wconf 77' lang='lat' dir='ltr'>fitad</span> <span class='ocrx_word' id='word_1_264' title='bbox 216 3592 420 3663; x_wconf 86' lang='lat' dir='ltr'>velocitatem</span> <span class='ocrx_word' id='word_1_265' title='bbox 438 3594 598 3664; x_wconf 85' lang='lat' dir='ltr'>relativam</span> <span class='ocrx_word' id='word_1_266' title='bbox 617 3591 786 3663; x_wconf 83' lang='lat' dir='ltr'>concursus</span> <span class='ocrx_word' id='word_1_267' title='bbox 806 3595 837 3662; x_wconf 93' lang='lat' dir='ltr'>in</span> <span class='ocrx_word' id='word_1_268' title='bbox 862 3590 933 3663; x_wconf 63' lang='lat' dir='ltr'>dara</span> <span class='ocrx_word' id='word_1_269' title='bbox 954 3594 1095 3668; x_wconf 74' lang='lat' dir='ltr'>rationet</span> 
     </span>
     <span class='ocr_line' id='line_1_37' title="bbox 108 3685 1094 3786; baseline 0 -26"><span class='ocrx_word' id='word_1_270' title='bbox 108 3685 151 3760; x_wconf 77' lang='lat' dir='ltr'>Id</span> <span class='ocrx_word' id='word_1_271' title='bbox 171 3690 203 3760; x_wconf 90' lang='lat' dir='ltr'>in</span> <span class='ocrx_word' id='word_1_272' title='bbox 220 3690 292 3786; x_wconf 86' lang='lat' dir='ltr'>pilis</span> <span class='ocrx_word' id='word_1_273' title='bbox 309 3713 350 3759; x_wconf 87' lang='lat' dir='ltr'>ex</span> <span class='ocrx_word' id='word_1_274' title='bbox 369 3690 435 3760; x_wconf 88' lang='lat' dir='ltr'>lana</span> <span class='ocrx_word' id='word_1_275' title='bbox 460 3693 544 3760; x_wconf 73' lang='lat' dir='ltr'>arcle</span> <span class='ocrx_word' id='word_1_276' title='bbox 568 3691 799 3786; x_wconf 85' lang='lat' dir='ltr'>conglomerata</span> <span class='ocrx_word' id='word_1_277' title='bbox 819 3694 854 3759; x_wconf 73' lang='lat' dir='ltr'>dc</span> <span class='ocrx_word' id='word_1_278' title='bbox 867 3688 995 3760; x_wconf 89' lang='lat' dir='ltr'>sortiter</span> <span class='ocrx_word' id='word_1_279' title='bbox 1012 3700 1094 3761; x_wconf 73' lang='lat' dir='ltr'>con⁴</span> 
     </span>
     <span class='ocr_line' id='line_1_38' title="bbox 107 3779 1156 3886; baseline -0.005 -22"><span class='ocrx_word' id='word_1_280' title='bbox 107 3783 214 3864; x_wconf 65' lang='lat' dir='ltr'>ibina</span> <span class='ocrx_word' id='word_1_281' title='bbox 234 3783 278 3860; x_wconf 81' lang='lat' dir='ltr'>src</span> <span class='ocrx_word' id='word_1_282' title='bbox 304 3787 441 3861; x_wconf 76' lang='lat' dir='ltr'>tenta-uit</span> <span class='ocrx_word' id='word_1_283' title='bbox 465 3791 676 3886; x_wconf 71' lang='lat' dir='ltr'>Newt&#39;onutt‘</span> <span class='ocrx_word' id='word_1_284' title='bbox 718 3787 862 3885; x_wconf 83' lang='lat' dir='ltr'>Primum</span> <span class='ocrx_word' id='word_1_285' title='bbox 887 3779 1093 3860; x_wconf 69' lang='lat' dir='ltr'>demittendo</span> <span class='ocrx_word' id='word_1_286' title='bbox 1150 3830 1156 3847; x_wconf 59' lang='grc' dir='ltr'><strong><em>ι</em></strong></span> 
     </span>
    </p>
   </div>
   <div class='ocr_carea' id='block_1_3' title="bbox 955 3875 1099 3981">
    <p class='ocr_par' dir='ltr' id='par_1_3' title="bbox 955 3875 1099 3981">
     <span class='ocr_line' id='line_1_39' title="bbox 955 3875 1099 3981; baseline 0 0"><span class='ocrx_word' id='word_1_287' title='bbox 955 3875 1099 3981; x_wconf 62' lang='lat' dir='ltr'>pacet:</span> 
     </span>
    </p>
   </div>
   <div class='ocr_carea' id='block_1_4' title="bbox 0 0 1224 4328">
    <p class='ocr_par' dir='ltr' id='par_1_4' title="bbox 0 0 1224 4328">
     <span class='ocr_line' id='line_1_40' title="bbox 0 0 1224 4328; baseline 0 4"><span class='ocrx_word' id='word_1_288' title='bbox 0 0 1224 4328; x_wconf 95' lang='lat' dir='ltr'> </span> 
     </span>
    </p>
   </div>
  </div>
 </body>
</html>
