2438 4328
254 102 948 185 nnrrrco-MATHEMATM.
1008 72 1107 211 '325

125 244 290 418 ,llffldffl
308 244 364 317 suo
382 245 530 321 multum,
538 243 705 343 superabit.
763 244 896 317 Minore
914 246 1014 342 igitur
1032 272 1110 322 cum

72 403 81 425 .,
116 344 122 355 ’
153 347 288 417 iametro
309 363 472 441 apparente
491 343 561 441 plus
587 342 668 413 lucis
691 342 849 422 emittens,
879 343 985 414 multo
1008 346 1110 442 magis

72 438 80 547 3'
128 438 338 517 illustrabitur
361 441 377 511 a
399 442 480 514 Sole,
505 437 649 531 adeoque
669 440 730 509 erit
758 439 826 511 Soli
843 440 948 510 multo
967 445 1108 536 propior.

72 604 74 617 ‚
125 539 314 627 Quinetiam
334 538 433 635 capita
446 535 503 608 sub
517 537 589 608 Sole
608 532 832 615 delitescentia,
859 541 892 606 δι
907 534 1019 612 caudas
1033 563 1109 615 cum
1179 561 1185 576 ’

126 632 278 710 maximas
297 655 368 707 tum
392 631 631 731 fulgentiffimas
654 631 748 705 instar
773 632 911 705 trabium
935 635 946 719 i
991 637 1110 711 irarum

121 724 351 825 nonnunquam
363 731 549 811 emittentia,
574 727 687 801 eodem
702 749 889 828 argumento
903 730 934 801 in
950 756 982 802 ra
995 732 1117 803 orbem

127 830 260 901 Veneris
287 828 437 899 collocari
457 824 586 898 debent.
636 831 723 898 Nam
747 828 805 900 lux
831 827 882 898 illa
901 829 1002 899 omnis
1024 827 1047 898 sr
1073 829 1107 904 in

121 922 240 999 stellam
253 926 436 1022 congregari
445 923 647 1020 supponatur,
660 923 755 1020 ipsam
770 929 941 1004 Venerem,
953 949 991 996 ne
1000 924 1108 1001 dicam

108 1027 261 1097 Veneres
277 1022 381 1120 plures
394 1020 574 1111 conjunctas
588 1018 783 1112 quandoque
797 1018 964 1117 superaret.
1092 1055 1096 1062 ·

172 1117 264 1191 Idem
277 1115 414 1212 denique
428 1119 592 1284 colligitur
604 1140 645 1188 ex
660 1117 731 1187 luce
749 1120 890 1214 capilum
903 1118 1058 1190 crescente
1073 1120 1112 1211 inv

121 1213 243 1288 recessu
269 1219 479 1287 Cometarum
546 1217 649 1286 Terra
664 1214 767 1284 Solem
786 1213 901 1295 versus,
926 1241 962 1287 ac
982 1213 1105 1288 decres-

123 1335 213 1384 cente
232 1315 263 1383 in
279 1335 391 1383 eorum
405 1308 526 1384 recessu
538 1312 556 1382 d
569 1311 640 1383 Sole
652 1310 756 1382 versus
771 1312 919 1383 Terram.
958 1312 1104 1386 Sicenim

124 1412 260 1481 Cometa
285 1406 441 1505 posterior
471 1412 558 1479 Anni
587 1418 669 1498 1665
702 1407 900 1491 (observante
928 1411 1099 1500 Hevelio,)

122 1528 164 1580 ex
176 1529 245 1598 quo
260 1506 398 1603 conspici
413 1530 464 1576 coe
487 1507 525 1583 it,
549 1504 728 1576 remittebat
743 1504 861 1601 semper
873 1502 914 1576 de
928 1529 1022 1578 motu
1033 1507 1102 1588 suo,

123 1599 266 1697 adeoque
283 1603 425 1700 praeterie
493 1603 670 1698 Perigaeum
683 1603 697 1683 ς’
726 1600 877 1698 Splendor
897 1627 975 1673 vero
994 1605 1104 1701 capitis

120 1695 323 1775 nihilominus
341 1695 438 1770 indies
457 1697 626 1778 crescebat,
651 1697 747 1790 usque
762 1696 842 1769 dum
859 1703 997 1772 Cometa
1008 1699 1103 1772 radiis

122 1795 280 1872 Solaribus
293 1796 440 1868 obtectus
452 1791 546 1867 defiit
561 1818 714 1892 apparere.
741 1799 878 1867 Cometa
897 1797 985 1866 Anni
1001 1795 1064 1867 168
1070 1823 1102 1892 3,

120 1893 299 1988 observante
314 1890 428 1964 eodem
446 1892 599 1971 Hevelio,
624 1893 656 1962 in
670 1889 732 1970 fine
747 1888 867 1965 Menfis
880 1893 962 1992 Julii
974 1891 1031 1963 ubi
1038 1895 1103 1989 pri·

119 2014 210 2062 mum
242 1987 423 2086 conspedtus
447 1985 510 2068 est,
537 1983 708 2080 tardissrme
733 1988 940 2068 movebatur,
977 1991 1100 2062 minuta
1159 2048 1162 2056 .

119 2089 219 2180 prima
230 2113 277 2183 40
289 2088 341 2158 vel
352 2108 395 2180 45
413 2085 538 2162 circiter
551 2082 677 2183 fingulis
691 2082 803 2164 diebus
815 2086 848 2156 in
860 2085 938 2156 orbe
949 2085 1006 2157 suo
1021 2111 1099 2157 con-

118 2181 239 2254 ficiens.
262 2254 264 2258 ,
287 2186 341 2254 Ex
364 2207 404 2254 eo
418 2204 560 2278 tempore
581 2204 688 2254 morus
709 2181 776 2272 ejus
793 2181 923 2254 diurnus
938 2205 1096 2281 perpetuo

118 2279 291 2374 augebatur
316 2278 415 2371 usque
435 2275 475 2350 ad
495 2282 581 2375 Sept.
604 2305 638 2375 4.
663 2276 792 2372 quaudo
814 2277 913 2353 evafit
933 2279 1099 2376 ,graduum
1175 2281 1179 2291 “

120 2373 209 2465 quasi
236 2376 392 2469 quinque.
441 2375 549 2471 Igitur
567 2396 639 2448 toto
656 2372 719 2447 hoc
740 2395 882 2470 tempore
905 2380 1042 2450 Cometa
1056 2376 1098 2451 ad

120 2473 257 2550 Terram
271 2470 548 2569 appropinquabat.
596 2469 638 2543 Id
657 2469 860 2564 quodetiam
878 2498 918 2544 ex
939 2470 1097 2545 diametro

119 2570 227 2664 ¹capitis
247 2571 453 2648 micrometro
467 2566 638 2648 mensurata
655 2568 836 2665 colligitur:
864 2572 983 2665 quippe
996 2595 1095 2662 quam

118 2665 275 2744 Hevelius
296 2668 410 2764 reperit
434 2669 524 2758 Aug.
544 2677 579 2736 6.
604 2661 664 2737 esse
681 2685 804 2736 tantum
825 2671 871 2735 6‘.
896 2687 951 2754 ςν.
978 2665 1095 2741 inclusa

117 2786 219 2842 coma,
249 2783 281 2833 at
305 2767 445 2860 Septa.
470 2758 530 2832 esse
556 2768 605 2848 9'.
629 2783 691 2856 7⁰·
739 2765 849 2858 Caput
875 2763 975 2858 igitur
1001 2764 1095 2835 initio

115 2861 209 2958 longe
222 2860 325 2931 minus
340 2860 480 2957 apparuit
498 2883 595 2951 quam
614 2859 646 2928 in
665 2857 730 2929 fine,
745 2879 864 2936 motus,
890 2878 920 2932 at
934 2859 1028 2934 initio
1046 2881 1094 2935 ta·

115 2980 187 3030 men
208 2956 239 3026 in
256 2957 372 3027 vicinia
391 2958 470 3027 Solis
491 2956 583 3051 longe
608 2955 746 3026 lucidius
763 2956 874 3026 extitit
896 2978 993 3047 quarn
1009 2959 1101 3055 circa
1188 3028 1192 3039 ,

114 3050 222 3132 finem,
236 3073 273 3123 ut
281 3053 376 3125 refert
391 3051 477 3124 idem
486 3054 653 3125 Hevelius.
703 3048 839 3125 Proinde
854 3072 927 3123 toto
938 3050 1001 3124 hoc
1011 3075 1093 3137 tesn-

112 3171 200 3245 pore,
225 3149 269 3220 ob
280 3146 432 3225 recessum
454 3147 548 3246 ipsius
562 3149 579 3223 a
592 3149 674 3227 Sole,
700 3145 807 3243 quoad
819 3149 923 3220 lumen
935 3146 1098 3243 decrevit.
1183 3230 1189 3238 ,

114 3269 176 3330 non
187 3244 327 3317 obstante
344 3242 465 3318 accessu
480 3244 519 3315 ad
538 3249 682 3323 Terram.
731 3244 868 3316 cometa
891 3248 978 3318 Anni
1003 3247 1088 3323 1618

114 3343 197 3419 circa
220 3340 373 3417 Medium
394 3339 514 3429 Mensis
531 3342 732 3419 Decembris,
759 3347 792 3412 δι
812 3340 869 3414 iste
895 3340 1090 3421 Anni16So
1213 3374 1215 3379 ·

112 3439 196 3509 circa
209 3436 305 3511 finem
323 3437 462 3528 ejusdem
482 3437 613 3518 Mensrs,
639 3439 799 3518 celerrime
813 3439 1034 3522 movebantur,
1059 3458 1099 3512 a·'

112 3531 239 3628 deoque
252 3555 329 3607 tunc
343 3557 428 3611 erant
442 3538 474 3611 in
494 3539 653 3633 Perigaeis.
702 3541 828 3608 Verum
839 3535 1091 3632 splendormaui·¹

110 3657 181 3715 mus
196 3633 336 3727 capitum
355 3633 512 3736 contingip
537 3654 607 3705 ante
629 3631 705 3704 duas
726 3630 793 3707 fere
813 3630 1004 3730 septimanas,
1030 3639 1089 3710 ubi
1152 3714 1156 3722 ,

108 3727 210 3819 modo
217 3729 355 3825 exierant
366 3728 406 3820 de
414 3728 512 3818 radiis
526 3731 710 3911 solaribus}
725 3736 765 3835 ⁴&
777 3727 918 3831 splendor
930 3732 1088 3831 mamus

589 3858 593 3862 ’
738 3855 753 3936 3
1016 3855 1097 3926 caup.
