2438 4328
112 220 138 292 4
387 194 818 263 PMLECTIONES

112 341 152 393 ut
171 319 332 395 Verticale
346 341 429 390 nunc
457 317 544 391 basrn
567 318 660 401 secet,
683 344 767 391 nunc
790 318 987 417 superficiem
1011 322 1098 395 Coni

112 438 232 516 tangat,
255 441 339 487 nunc
360 435 449 486 extra
466 441 585 489 conum
609 414 647 489 lit
660 415 813 514 positum,
837 419 940 511 liquet
957 444 974 491 a
992 416 1099 516 super

98 516 189 589 ¹licie
202 517 314 587 conica
339 513 438 584 varias
457 519 500 582 H
503 513 691 609 perborum
708 513 835 610 species,
858 514 1019 586 Parabolas
1043 543 1100 588 va·

113 616 183 693 rias,
207 615 308 684 varias
319 609 452 682 demum
494 609 784 708 drfflnmspeciesin
801 611 893 708 plano
906 611 1025 687 secante
1040 614 1099 687 de-

112 714 266 785 lineatum
277 707 331 778 iri.
366 708 502 799 ¹Liquet
517 708 639 804 insuper
655 709 758 801 qualis
782 714 817 779 &
834 732 932 801 quam
954 711 1040 787 arcta
1060 709 1100 783 lit

112 812 197 881 inter
212 828 321 879 omnes
341 801 430 875 hasce
456 805 550 875 lineas
575 805 746 902 cognatio·
785 807 820 876 Si
843 807 929 879 enim
945 806 1042 881 uuio
1059 806 1100 880 fit

112 901 179 977 best
190 902 342 1000 paralleli,
366 902 418 973 vel
429 902 524 973 etiam
537 904 569 973 in
588 925 670 972 cono
680 899 801 972 scaleno
817 900 1029 977 subcontrarie
1042 930 1099 1002 po·

113 999 185 1081 srta,
208 1001 269 1072 erit
289 1001 443 1071 &renim
474 999 532 1091 qui
557 1000 664 1092 itaque
688 1000 768 1070 inter
790 997 940 1071 sectiones
962 1004 1099 1082 tonicae,

112 1118 228 1194 utpote
254 1092 426 1265 Ellp'plitmr
450 1116 610 1175 extrema,
635 1098 753 1168 merito
781 1119 988 1169 numeraturt
1015 1097 1099 1171 unde

113 1215 235 1266 mutata
250 1218 305 1290 gra
328 1194 406 1265 atim
420 1195 503 1290 plani
524 1192 649 1265 secantis
668 1194 867 1266 inclinatione
885 1196 1028 1276 orientur
1052 1198 1099 1266 in·

37 1306 46 1319 ⁸
112 1291 214 1363 finitae
235 1287 408 1387 Ellipfium
432 1291 556 1386 Species
568 1317 579 1373 3
608 1289 712 1362 donec
736 1287 864 1363 tandem
886 1293 1047 1365 inclinatio
1066 1317 1099 1363 e·

106 1386 209 1461 vadat
222 1390 296 1459 coni
307 1388 395 1460 lateri
408 1388 561 1482 parallda,
586 1385 819 1485 ubiEllipsrum
831 1409 971 1463 extrema
991 1386 1100 1464 evadit

22 1498 32 1511 ·
113 1483 286 1556 Parabokr:
314 1483 536 1556 Mutatalverd
550 1485 680 1556 adterius
702 1482 958 1580 tantillirmplmi
973 1485 1102 1557 secantis

111 1582 331 1663 inclinatione,
354 1602 491 1677 exurget
519 1579 683 1685 Irppcrbola
694 1608 705 1664 ς
732 1581 823 1672 cujus
846 1580 979 1653 infinitae
1008 1603 1101 1653 erunt

112 1679 239 1775 species,
264 1701 322 1774 pro
342 1679 428 1748 varia
445 1678 527 1767 plani
550 1679 704 1749 verticalis
725 1680 807 1750 intra
830 1703 949 1750 conum
972 1680 1101 1751 inclina·

112 1778 212 1848 tione.
238 1771 511 1871 ItautEllipsrum
523 1775 644 1847 ultimae
653 1771 729 1845 hinc
742 1776 774 1845 in
787 1775 957 1855 circulum,
968 1776 1055 1847 illinc
1069 1777 1101 1845 in

111 1872 317 1953 Parabolam3
345 1866 1089 1968 ParabolahincinEllipsrn,illincinHyperbo

111 1972 195 2051 lam3
211 1966 645 2062 &Hyperbolarumultimar
653 1963 728 2037 hinc
735 1968 765 2038 in
773 1967 1059 2048 Parabolam,illinc
1069 1970 1088 2039 ir

111 2067 227 2139 lineam
238 2063 357 2134 teclam
375 2059 528 2133 delinant.
578 2064 865 2135 verumenimvero
881 2067 956 2157 quia
981 2061 1086 2136 diffici

111 2166 174 2236 lior
193 2156 324 2233 forlitan
339 2182 403 2229 non
418 2160 526 2254 paucis
544 2162 720 2256 apparitura
737 2156 776 2230 fit
792 2163 916 2232 Conica
938 2158 1007 2231 haec
1027 2187 1084 2232 cur

114 2284 228 2341 varum
241 2257 436 2353 regularium
451 2257 633 2352 explicatio,
658 2254 762 2327 visum
779 2253 825 2327 est
844 2255 1036 2356 stragularum
1049 2282 1082 2328 na

105 2380 198 2435 ,tutas
210 2380 250 2427 ex
262 2352 350 2424 facili
366 2349 503 2444 quadam
514 2354 546 2425 in
558 2354 651 2449 plano
662 2349 880 2436 delineatione,
893 2381 974 2427 cum
987 2358 1080 2426 Carte

116 2453 163 2527 fio
182 2459 217 2523 δι
229 2451 307 2530 aliis,
318 2472 384 2542 qua
397 2446 522 2546 poffum
542 2448 759 2546 perspicuitate
780 2451 910 2527 ulterius
929 2475 1078 2545 exponen

164 2552 219 2625 Ut
237 2546 394 2643 Ellipsecrs
419 2569 496 2643 ergo
511 2547 742 2643 generationem
763 2554 798 2618 δι
820 2545 961 2619 indolem
976 2549 1035 2617 rite
1050 2572 1076 2618 ct

106 2682 109 2687 ·
137 2651 251 2725 umus,
276 2642 337 2715 fint
357 2650 400 2713 H
414 2647 496 2728 &J
509 2641 578 2715 duo
590 2644 724 2739 puncta,
751 2644 803 2714 vel
821 2645 903 2715 clavi
926 2644 1073 2733 paxillive

113 2673 162 2816 lis
177 2741 303 2825 punctis
320 2741 580 2834 circumponatur
595 2739 757 2812 funiculus
775 2745 888 2809 BHI:
913 2737 1027 2812 deinde
1040 2741 1071 2810 in

108 2836 205 2923 millo
228 2836 336 2933 digito
360 2838 413 2907 vel
432 2837 523 2906 clavo
544 2835 710 2907 funiculus
727 2837 890 2927 aequaliter
911 2834 1012 2909 tensus
1035 2862 1068 2907 m

110 2959 196 3026 neat,
208 2932 531 3023 dumcircumagatur
549 2929 672 3028 digitus
683 2932 739 3003 vel
752 2934 859 3004 clavus
883 2956 900 3002 a
922 2931 1030 3005 motus
1053 2935 1065 3004 i

108 3032 256 3131 ‚cipientis
278 3031 400 3125 pundo
429 3033 467 3099 B»
485 3025 588 3099 donec
618 3030 651 3099 in
674 3029 787 3098 orbem
806 3027 928 3100 rediens
949 3028 991 3100 ad
1013 3026 1064 3100 ide

109 3130 268 3229 punctum
288 3133 313 3195 B
333 3129 450 3197 iterum
466 3145 654 3196 revertatur.
701 3122 980 3197 Describeturhac
992 3148 1062 3222 pum

110 3232 138 3297 B
153 3224 354 3297 revolutione
366 3247 464 3293 curva
476 3223 566 3296 linea,
592 3245 691 3313 quam
710 3224 825 3316 Ellipfin
841 3219 1001 3294 dicimus:
1027 3247 1059 3315 qt

108 3325 145 3396 in
162 3346 203 3395 eo
219 3340 344 3393 tantum
362 3345 380 3388 a
400 3319 514 3389 crrcuh
531 3315 739 3389 delineatione
762 3315 885 3396 differt,
909 3316 1001 3412 quod
1025 3323 1056 3388 C

111 3421 203 3493 culus
224 3419 307 3488 circa
332 3435 478 3486 centrum
502 3417 647 3492 unicum,
673 3412 1056 3511 Ellipfisautemcircabj

110 3517 228 3613 puncta
240 3536 388 3605 tanquam
400 3533 504 3588 centra
516 3508 727 3593 describitur3
754 3534 828 3603 quar
841 3509 879 3590 fi,
904 3510 1053 3584 evanescet

158 3613 307 3684 nclorum
314 3606 458 3680 distantia
466 3613 537 3686 HI,
563 3609 595 3677 in
607 3633 709 3681 unum
719 3629 842 3688 coeant,
855 3608 993 3704 elliptica
1005 3632 1051 3677 cur

109 3637 183 3781 llic
200 3705 315 3781 evadet
334 3703 473 3802 perfecte
497 3705 668 3779 circularis.
716 3710 796 3792 Quo
811 3725 919 3779 autem
937 3703 1038 3796 major
