2438 4328
273 220 961 303 PHrslco·MATHEMAT1M.
1039 245 1105 330 195

123 364 257 440 Retinet
274 363 404 437 Globus
423 343 550 437 molum
571 352 768 460 impressum,
794 360 988 455 usquedum
1004 363 1104 440 amu«

119 465 169 534 lus
188 460 305 534 conltu
319 465 476 534 contrario
497 481 624 532 motum
643 457 731 532 hunc
750 460 852 538 tollat,
878 458 1104 558 imprimatque

115 572 245 632 ‘motum
260 571 384 632 novum
397 562 429 632 in
444 562 629 632 'contrariam
639 578 775 654 partem.
825 560 938 652 Atque
956 555 1016 632 hac
1027 558 1105 632 riti·

118 682 177 730 one
196 658 354 729 maximus
365 655 570 731 decrescentis
582 656 789 727 inclinationis
810 677 917 727 motus
929 655 968 729 fit
981 659 1106 751 inqua·

112 753 252 828 draturis
266 753 438 837 nodorum,
464 764 498 826 &
524 757 672 826 minimus
695 755 904 825 inclinationis
920 750 1101 853 angulbsin

115 853 296 925 odantibus
318 851 391 950 post
414 851 628 946 quadraturas.
676 854 763 923 Dein
788 854 945 933 maximus
970 854 1102 941 reclibaf

116 952 211 1022 tionis
226 965 334 1022 motus
354 953 386 1023 in
401 950 558 1050 syzygiis,
584 955 619 1019 δι
631 951 786 1021 maximus
800 951 932 1048 angulus
945 951 976 1022 in
991 951 1101 1024 ostan-

115 1044 203 1120 tibus
217 1046 384 1147 proximis.
434 1053 481 1120 Et
499 1046 609 1121 eadem
630 1045 677 1117 est
694 1049 777 1118 ratio
792 1048 896 1119 Globi
909 1050 1025 1120 annulo
1040 1071 1101 1120 nu·-

115 1144 195 1228 dati,
219 1149 280 1242 qui
303 1149 336 1219 in
360 1146 542 1244 regionibus
566 1147 735 1238 aquatoris
753 1145 806 1215 vel
832 1146 925 1216 altior
945 1143 991 1216 est
1004 1147 1103 1255 pau'lb

113 1244 422 1338 quamjuxtaPolos‚
447 1245 500 1315 vel
511 1240 633 1315 constat
646 1267 686 1313 ex
697 1243 827 1313 materia
834 1244 929 1340 paulo
940 1239 1098 1317 de'nfiore.

116 1343 250 1438 Supplet
267 1342 352 1412 enim
365 1344 471 1413 vicem
485 1337 590 1413 annuli
603 1338 660 1412 iste
677 1341 861 1413 materiaein
875 1344 1101 1435 aeq'uatorisre·

116 1436 266 1536 gionibus
283 1436 436 1510 excessus.
576 1437 577 1441 ’
803 1528 806 1533 ¹
1089 1518 1095 1531 ‚

132 1626 133 1630 Ἰ
166 1539 266 1605 Coroll.
286 1541 356 1624 (1.)
385 1532 510 1607 Eadem
529 1537 649 1605 ratione
669 1559 732 1628 qua
750 1538 879 1608 materia
922 1535 988 1606 lobi
1006 1534 1100 1626 jr‘ratr

116 1631 310 1725 aquitorem
327 1630 504 1705 redundans
521 1628 622 1704 efficit
636 1653 673 1703 ut
687 1630 781 1705 Nudi
795 1558 1026 1730 regrediantur,
1051 1654 1099 1705 at·

114 1755 178 1823 que
192 1728 271 1801 adeo
284 1751 321 1802 ut
330 1753 387 1845 per
398 1729 494 1821 hujus
507 1731 736 1800 incrementum
749 1751 901 1827 augeatur
910 1727 967 1800 iste
981 1729 1100 1826 regres-

112 1828 173 1907 sus,
196 1853 252 1926 per
264 1826 511 1900 diminutionem
530 1852 610 1900 vero
623 1824 833 1906 diminuatur,
859 1833 893 1896 δι
908 1822 1101 1922 perablatio·

113 1950 185 1996 nem
208 1926 358 2009 tollatur3
387 1924 411 1997 st
426 1928 555 1997 materia
572 1923 739 2023 plusquam
757 1921 936 1996 redundans
953 1922 1098 2006 tollatur,

110 2045 177 2103 aut,
201 2021 292 2117 quod
319 2022 434 2095 eodem
457 2022 585 2103 recidit,
612 2020 635 2094 si
655 2022 770 2119 globus
792 2020 884 2111 juxta
904 2041 1113 2115 aequatorem

112 2122 166 2190 vel
185 2117 357 2218 depressior
386 2111 547 2200 reddatur,
573 2123 626 2192 vel
647 2121 746 2191 ratior
765 2143 863 2214 quam
879 2118 972 2212 juxta
995 2120 1099 2216 polos,

114 2217 235 2285 orietur
248 2239 355 2289 motus
370 2215 547 2290 Nodorum
561 2218 593 2289 in
606 2218 837 2311 consequentia.

163 2315 262 2382 Caroli.
279 2318 346 2404 (2.)
375 2317 464 2385 Hinc
482 2317 578 2387 etiam
590 2312 735 2407 vvicissim
753 2339 794 2386 ex
818 2334 912 2385 motu
934 2309 1097 2389 nodorum

108 2406 278 2504 innotescit
299 2409 486 2483 constitutio
507 2412 607 2510 globi.
656 2414 838 2490 Nimirum,
864 2407 1020 2508 siglobus
1036 2432 1097 2510 po-

110 2506 159 2577 los
176 2504 303 2578 eosdem
323 2505 499 2579 constanter
521 2508 641 2585 servet,
675 2515 709 2578 δε
739 2503 847 2580 motus
872 2507 929 2579 fiat
954 2509 987 2578 in
1012 2530 1099 2580 ante·

111 2600 266 2685 cedentia,
302 2608 432 2678 materia
453 2605 545 2696 juxta
569 2594 762 2697 aequato'rem
787 2597 955 2677 redundat.
1006 2606 1099 2677 siin

111 2700 351 2793 consequentia,
377 2700 501 2774 deficit.
551 2699 706 2773 ponamus
725 2703 861 2799 globum
881 2698 1097 2798 uniformem,

112 2805 147 2869 &
162 2797 301 2896 perfeete
322 2802 510 2872 circinatum
522 2802 553 2871 in
566 2799 670 2897 spatiis
685 2798 791 2870 liberis
802 2800 908 2896 primo
919 2795 1080 2891 quiescere
1086 2824 1098 2880 ;

95 2894 184 2968 'dein
201 2897 323 2994 impetu
370 2907 542 2997 uocunque
562 2900 593 2968 in
619 2895 818 2993 superficiem
845 2893 933 2967 sado
948 2890 1098 2992 propelli,

111 2999 146 3063 ὃ(
165 3015 293 3066 motum
312 2923 385 3066 inde
405 2997 570 3092 concipere
586 2995 702 3090 partim
712 2995 911 3074 circularem,
936 2993 1098 3091 partimin

109 3089 282 3162 direblum.
331 3095 492 3181 Qioniam
501 3091 629 3165 Globus
644 3088 701 3162 iste
713 3088 753 3162 ad
767 3117 838 3164 axes
849 3113 1100 3186 omnespercen-

109 3209 196 3260 trum
227 3188 319 3259 suum
341 3189 532 3261 transeuntes
549 3185 773 3279 indifferenter
795 3185 965 3285 sehabet,
995 3212 1101 3281 noque

108 3283 292 3383 propensior
306 3285 396 3359 estin
411 3312 511 3359 unum
524 3311 628 3378 axem,
654 3287 877 3357 unumve-axis
891 3282 987 3359 litum
1000 3281 1099 3380 quam

111 3383 143 3452 in
155 3384 251 3454 alium
265 3384 425 3476 quemvis,
451 3384 654 3492 perspiqrum
668 3382 715 3454 est
730 3381 821 3478 quod
844 3384 868 3473 is
890 3398 981 3457 a'r'rem
994 3378 1100 3463 su'um,

112 3479 240 3571 axisque
272 3484 507 3554 inclinationem
540 3484 575 3553 vi
605 3483 730 3578 propria
758 3495 921 3577 nunquam
947 3479 1099 3552 mutabit.

111 3577 296 3671 Impellatur
310 3579 374 3668 jam
394 3581 523 3653 Globus
539 3580 671 3672 oblique
687 3580 719 3649 in
733 3576 845 3650 eadem
853 3580 905 3648 illa
919 3570 1100 3675 superficiei

109 3693 198 3770 parte
214 3694 277 3766 qua
297 3678 395 3773 prius,
420 3675 557 3772 impulsu
574 3676 770 3769 quocunque
783 3690 870 3772 novo
878 3702 890 3758 3
917 3681 951 3745 &
966 3670 1098 3747 cumci-

107 3772 173 3843 tior
193 3773 245 3842 vel
259 3770 354 3846 serior
367 3773 518 3872 impulsus
532 3771 684 3845 effectum
696 3773 741 3843 nil
752 3784 869 3853 mutet,
893 3769 1097 3852 manifestum

107 3867 266 3966 estquod
290 3867 327 3942 hi
348 3870 417 3952 duo
436 3869 585 3970 impulsus
607 3866 778 3947 successivo
801 3864 940 3969 impressi
960 3862 1099 3953 eun'dem

90 3981 97 3995 ·
448 3978 450 3984 '
523 3975 527 3981 '
607 3971 609 3975 ’
669 3971 706 4044 O
734 3991 753 4038 n
1022 3987 1101 4061 pros
