2438 4328
264 168 948 277 PHrSlcO-MATH'EMATIM.
1044 178 1092 280 ’4,

110 316 209 386 EG!
221 307 357 394 secetur,
382 310 431 381 vit
456 307 521 403 qua
539 330 606 406 pars
623 305 724 398 major
744 314 840 379 EG!
852 306 956 382 tendit
976 303 1008 380 in
1026 333 1096 410 par·

111 424 176 482 tem
185 409 462 486 minoremEGF,
486 404 616 501 aequalis
628 403 676 476 est
686 406 722 477 vi
731 408 795 497 qul
831 407 1101 481 areminorEGF

109 505 213 579 tendit
227 509 260 578 in
276 498 430 596 ‘majorem
443 509 474 573 E
482 507 540 572 ΘΙ
545 530 557 585 3
585 499 649 573 hoc
658 500 716 583 est,
728 526 771 600 po
832 530 864 575 ra
876 506 1054 602 partiumin
1065 507 1096 578 se

108 624 226 677 mutuo
237 605 308 676 sunt
322 627 348 673 ae
373 603 474 682 ualia3
501 605 536 671 δι
551 599 609 672 nisr
620 599 757 698 pondera
776 602 828 672 illa
844 603 976 694 aequalia
985 599 1097 684 essent,

97 712 191 774 -terra
204 722 273 774 tota
285 724 329 798 po
372 701 418 770 eri
429 694 542 787 majori
554 697 691 778 cederet,
716 703 751 768 δι
768 700 809 771 ab
826 722 868 769 eo
886 698 1044 796 fugiendo
1062 726 1098 771 a·

107 801 235 872 biretin
251 797 424 870 infinitum.
472 793 588 885 (mod,
615 813 652 867 ut
668 797 765 896 ptius,
788 793 836 867 est
854 794 1036 878 absurdum,
1060 804 1098 870 δε

107 898 192 996 Legi
244 892 530 987 ‘marcontrarirunt

159 921 254 1084 ὅ
259 995 292 1066 Si
308 1008 480 1091 corporum
501 989 642 1063 duorttm
664 992 837 1084 aequalium
854 992 972 1064 elaterii
983 990 1097 1090 expet<

108 1094 213 1171 tium,
244 1093 375 1163 alterum
404 1103 534 1162 motum
558 1090 645 1161 alteri
663 1088 838 1182 quiescenti
867 1110 1030 1168 occurrat,
1064 1091 1101 1160 in

108 1188 244 1261 occursu
271 1205 405 1280 utraque
439 1201 517 1258 cum
544 1185 679 1258 dimidia
703 1188 786 1257 moti
813 1189 955 1286 corporis
974 1188 1099 1260 veloci·

108 1308 173 1375 tate
189 1288 222 1357 in
239 1283 369 1356 eandem
387 1301 508 1380 partem
527 1281 621 1356 srmul
633 1282 888 1383 progredientur.

158 1387 286 1477 Corpus
299 1382 426 1451 enimin
439 1402 532 1452 motu
545 1379 686 1477 posrtum
701 1383 733 1453 in
752 1381 887 1454 occursu
904 1379 1098 1477 eousquede

110 1499 205 1551 motu
225 1477 282 1548 suo
298 1477 385 1548 alteri
395 1476 569 1570 quiescenti
582 1478 845 1560 communicabit,
868 1477 970 1551 donec
984 1476 1098 1552 eidem

109 1599 187 1648 cum
212 1573 277 1672 ipso
295 1575 451 1647 celeritate
467 1573 567 1646 abeat.
599 1579 692 1649 Dum
705 1577 790 1648 enim
805 1578 944 1675 corporis
957 1578 990 1647 in
1002 1599 1098 1651 motu

109 1671 207 1771 positi
222 1674 372 1744 velocitas
380 1671 482 1763 major
494 1670 540 1743 est
552 1674 720 1745 velocitate
731 1672 932 1766 quiescentis,
956 1675 1100 1772 impellet
1207 1671 1210 1675 ’

111 1770 227 1868 ipsum,
258 1776 293 1841 &
321 1771 453 1841 ulterius
479 1769 665 1840 accelerabit
677 1795 690 1851 3
726 1772 964 1866 quamprimum
990 1793 1099 1846 autent

110 1867 272 1961 quiescens
297 1869 412 1959 aequali
435 1867 605 1938 velocitate
625 1865 726 1945 abeat,
759 1868 842 1937 ultra
860 1867 1018 1964 impellere
1034 1892 1101 1941 non

110 1965 225 2060 potest,
250 1962 304 2035 sed
324 1965 385 2035 uni
405 1964 624 2035 comitabitur.
674 1967 765 2034 Cum
775 1987 853 2060 ergo
869 1989 926 2034 cor
969 1965 1012 2035 ris
1030 1966 1098 2062 pri·

111 2063 175 2131 oris
194 2080 302 2134 motus
323 2063 356 2132 in
375 2058 445 2154 duo
468 2063 601 2154 aequalia
616 2082 748 2159 corpora
764 2059 829 2150 jam
846 2059 917 2132 divi
931 2087 966 2133 us
980 2059 1099 2159 suppo*

113 2177 223 2237 natur,
246 2149 365 2229 necesse
387 2155 491 2230 estut
516 2160 669 2230 velocitas
695 2158 824 2251 utrique
850 2161 1029 2230 communis
1055 2158 1097 2233 srt

112 2254 225 2351 prioris
235 2251 381 2325 dimidia.

165 2355 236 2445 (7.)
264 2347 297 2420 Si
314 2375 443 2447 corpora
466 2350 535 2423 duo
563 2354 706 2446 aequalia,
732 2353 849 2425 elaterii
869 2354 1021 2450 expertia,
1045 2375 1103 2425 ead

112 2446 189 2519 dem
201 2446 369 2518 velocitate
382 2446 442 2519 srbi
452 2449 573 2520 mutuo
585 2449 707 2523 directe
725 2467 903 2530 occurrant,
920 2451 1015 2523 ambo
1026 2450 1102 2550 post'

111 2537 306 2642 collisionem
329 2544 503 2639 quiescent.

157 2649 326 2736 Qrantum
337 2643 422 2713 enim
430 2643 563 2714 alterum
574 2644 792 2743 progreditur,
817 2661 941 2717 tantum
949 2645 988 2715 ab
1000 2646 1102 2717 altero
1208 2730 1211 2735 ζ

110 2740 292 2836 repellitur3
320 2746 355 2810 &
379 2738 514 2832 aequales
531 2741 639 2812 motrls
663 2744 855 2835 quantitatec
869 2745 900 2811 in
917 2758 1018 2838 partes
1036 2760 1111 2837 ops

110 2834 224 2932 posrtas
234 2833 395 2908 tendentes
414 2831 473 2907 sese
485 2853 605 2909 mutuo
619 2841 750 2911 omnino
768 2838 994 2929 adaequabunt,
1021 2844 1055 2909 δε
1066 2837 1101 2910 se=

110 2935 250 3004 invicem
274 2935 409 3007 tollent:
449 2933 533 3007 unde
551 2961 628 3008 cum
653 2935 736 3008 nulla
753 2936 817 3027 jam
836 2932 875 3006 srt
894 2934 972 3007 noli
989 2957 1104 3012 motun

111 3029 211 3111 causa,
237 3055 367 3128 corpora
388 3053 523 3126 utraque
543 3035 673 3104 omnino
695 3035 867 3128 quiescent.
917 3035 1002 3105 Perit
1017 3054 1100 3132 ergo·

112 3148 219 3200 motus
234 3130 265 3200 in
284 3126 347 3199 hoc
365 3127 448 3208 casu,
474 3153 532 3200 nec
546 3127 655 3202 eadem
677 3129 816 3220 ejusdem
835 3130 953 3226 semper
970 3133 1096 3224 quanti·

111 3227 199 3296 tasin
213 3225 337 3297 mundo
351 3242 457 3296 manet
469 3251 480 3308 3
509 3225 600 3320 quod
615 3228 720 3299 voluit
733 3233 764 3297 C
767 3225 905 3298 artesrus.

165 3322 237 3411 (8.)
265 3326 297 3395 Si
314 3323 382 3394 cluo
394 3343 525 3421 corpora
539 3325 714 3417 inequalia
739 3326 858 3395 elaterii
871 3325 1023 3422 expertia,
1037 3321 1099 3396 srbi

108 3417 230 3491 mutuo
243 3421 279 3490 eal
297 3422 467 3492 velocitate
479 3440 661 3501 occurrant,
687 3441 724 3492 ut
739 3419 896 3514 quantum
915 3431 1026 3516 co'rp'us
1052 3422 1100 3491 al·

109 3537 217 3586 terum
236 3516 455 3615 magnitudine
468 3515 602 3614 superet,
627 3515 751 3590 tantum
766 3519 805 3590 ab
820 3519 920 3589 altero
937 3515 1098 3590 celeritate

112 3613 259 3684 vincatur
270 3640 282 3695 3
309 3615 361 3687 seu
383 3613 406 3686 sr
427 3617 608 3688 velocitates
627 3614 688 3686 srnt
705 3617 891 3712 corporibus
912 3617 1096 3714 reciprocae,

112 3727 247 3800 utraque
269 3709 339 3806 post
350 3712 534 3793 occursum,
559 3735 598 3811 ut
612 3715 711 3810 prius,
736 3713 910 3806 quiescent.
1088 3779 1093 3805 ,

161 3809 251 3876 Cum
270 3810 351 3880 enim
369 3811 560 3924 quantitates
575 3830 683 3911 morus
702 3812 848 3910 inportet
865 3813 1032 3884 contrarias
1045 3805 1102 3972 (ἐξ

971 3937 972 3941 “
1016 3925 1050 3975 re
1084 3926 1097 3972 r

1049 4048 1057 4083 l
