2438 4328
262 146 945 222 Pmsrco-MATHEMATIM.
1021 160 1092 253 η]
1131 191 1135 198 .

109 285 165 358 Ex
176 280 340 381 gravitatis
352 280 436 351 enim
448 272 623 348 direffione
640 272 748 365 versus
763 262 869 349 tenire
880 254 1095 369 subsella·

108 374 250 453 netarum
266 380 508 454 Primanorum,
530 398 671 465 arearum
683 372 908 472 descriptarum
930 377 1097 468 aequabili-

110 501 178 559 tas;
207 483 241 546 δι
262 500 302 545 ex
323 477 485 573 gravitatis
505 473 574 571 lege
595 471 703 545 versus
724 469 781 545 ista
795 494 912 552 centra,
937 470 1097 573 nempeitt

109 573 267 647 distantia
289 578 408 646 ratione
434 571 596 666 reciproca
614 569 786 669 duplicata,
812 567 916 669 figura
941 567 997 643 ista
1026 579 1097 667 Or·

109 674 202 764 bium
219 672 372 767 Elliptica
385 673 467 742 circa
483 672 603 739 Centra
622 666 678 740 ista
691 670 722 739 in
735 667 914 739 Umbilicis
929 665 1031 765 posita
1042 693 1099 767 ne-

111 765 402 860 tessariosequitur
414 794 425 850 3
440 766 503 839 'uti
527 766 605 837 olim
628 766 646 836 ὲ
677 771 844 838 Newtono
868 763 1099 838 demonstravi-¹

110 892 193 938 mus.
242 869 289 936 Et
312 860 381 936 haec
406 859 541 958 quidem
560 862 590 933 se
611 860 760 934 haberent
773 884 930 943 accurate,
952 860 1100 936 fistal&

109 965 250 1058 vlanetae
271 964 417 1033 Primarii
440 958 648 1054 quiescerent,
673 984 776 1053 neque
797 959 826 1028 se
844 961 876 1031 in
895 983 1013 1033 mutuo
1026 985 1100 1060 age·

114 1080 195 1131 rent.
245 1063 361 1138 Forent
384 1060 468 1129 enim
486 1058 576 1154 orbes
594 1080 706 1128 eorum
726 1055 767 1127 ad
790 1057 933 1154 rigorem
956 1060 1101 1135 Geome-

113 1159 233 1249 tricum
252 1157 410 1254 Elliptici‚
436 1157 542 1228 Solem
562 1152 761 1247 Planetasque
779 1156 946 1227 Primarios
962 1158 994 1227 in
1010 1159 1101 1231 Um·
1157 1221 1159 1225 ,

113 1255 218 1340 bilicis
233 1250 399 1335 habentes3
426 1274 523 1347 arque
549 1277 626 1324 areae
648 1250 811 1347 descriptae
833 1248 929 1323 essent
955 1274 1100 1330 accurate

117 1349 298 1442 aquabileu
323 1348 389 1422 five
414 1350 613 1449 temporibus
634 1348 894 1446 proportionales.
946 1346 1101 1425 Astiones

116 1467 223 1517 autem
239 1449 318 1532 Solis
339 1453 373 1518 &
384 1449 581 1519 Planetarum
601 1447 633 1516 in
651 1447 679 1518 se
695 1444 811 1516 mutuo
822 1447 1005 1546 perexigua
1016 1451 1100 1528 sunt,

99 1564 155 1631 ut
169 1545 285 1614 merito
308 1546 469 1615 contemni
488 1541 616 1640 possint.
665 1548 711 1613 Et
731 1564 837 1614 motus
856 1542 1101 1622 Planetarumiti

117 1637 290 1736 Ellipfibus
304 1643 387 1712 circa
403 1643 508 1713 Solent
530 1648 563 1710 δι
577 1641 745 1712 Primarios
757 1639 890 1711 mobiles
902 1667 997 1732 qnam
1008 1640 1103 1715 liirn·

117 1738 250 1809 mobiles
273 1734 369 1809 essent
382 1741 485 1811 minus
503 1736 739 1835 perturbantur,
762 1738 813 1809 uti
826 1738 904 1808 olim
920 1737 1103 1812 observavi-

117 1859 199 1906 mus.
250 1832 351 1908 Unde
370 1833 413 1931 ph
441 1834 503 1906 fice
526 1831 701 1928 loquendo,
728 1830 909 1930 Proposrtio
928 1835 1103 1908 etiamnum

119 1938 205 2005 Vera
224 1931 270 2005 est
294 1932 400 2003 censen
426 1959 454 2004 a.
504 1933 606 2004 Astio
620 1931 752 2023 quidem
792 1933 862 2002 ovis
883 1932 1102 2006 inSaturnum
1215 1935 1217 1940 ’

115 2028 246 2122 ejusque
276 2050 306 2122 5.
333 2031 485 2101 Satellites
492 2055 503 2112 3
532 2037 565 2100 &
588 2029 714 2100 Saturni
734 2029 900 2197 ingovem
911 2027 1045 2122 ejusque
1064 2057 1101 2126 4.

121 2129 273 2198 Satellites
285 2151 346 2197 non
366 2125 412 2197 est
429 2129 558 2198 omnino
578 2124 762 2197 contemnen
788 2152 815 2196 a.
866 2129 955 2197 Cum
980 2124 1014 2197 hi
1035 2128 1102 2224 pla·

118 2244 199 2292 netae
218 2225 357 2321 ingentes
377 2222 452 2304 sint,
479 2230 513 2294 &
533 2221 572 2294 ad
591 2225 762 2295 maximam
790 2225 808 2294 a
825 2225 897 2294 Sole
919 2221 1102 2299 ¹distantiam

118 2317 226 2414 positi.
276 2318 376 2391 Unde
395 2320 633 2392 attradlionibus
658 2321 717 2391 suis
731 2322 852 2392 mutuis
866 2321 950 2391 circa
970 2322 1103 2411 conjun-

119 2417 239 2486 ‘triones
258 2414 323 2486 suas
335 2414 581 2506 heliocentricas‚
606 2418 650 2487 ob
665 2438 816 2488 motuum
829 2416 1006 2489 tarditatem
1016 2417 1104 2497 haud

118 2535 217 2608 parvo
225 2514 321 2584 etiam
332 2535 474 2610 tempore
487 2512 643 2594 durantes,
669 2515 860 2607 inaequalites
872 2515 1104 2589 nonnullarum

119 2611 152 2680 in
171 2610 346 2682 orbitarum
364 2609 476 2708 figuris
495 2637 593 2704 quarn
615 2613 648 2697 in
671 2611 812 2682 motibus
833 2613 984 2702 utrinque
998 2614 1103 2686 orien·

120 2726 176 2789 tur
190 2736 198 2791 a
220 2708 283 2778 'vix
292 2731 394 2780 tamen
403 2711 434 2778 in
445 2706 516 2806 ipfis
530 2711 726 2780 Planerarum
739 2705 1103 2788 horumPrimariorum‚

121 2801 202 2874 adeo
214 2828 250 2876 ac
263 2807 295 2876 in
309 2807 498 2884 Satellitum‚
515 2805 869 2909 praesertimJovialium
877 2805 1017 2877 motibus
1029 2808 1106 2879 ina·
1132 2792 1141 2812 ’

121 2901 267 2994 qualibus
284 2903 515 2999 dignoscenda.
1000 2907 1002 2910 ’
1094 2971 1096 2979 ,

168 2999 329 3070 Scholium.
379 3005 435 3070 Ex·
450 3003 504 3071 Cl.
516 3001 673 3071 Netvtoni
685 3002 806 3072 calculo
823 3002 871 3072 vis
883 2998 1099 3098 perturbatrix

125 3093 190 3189 five
205 3099 354 3168 Gravitas
367 3100 491 3169 Saturni
507 3100 538 3168 in
551 3102 681 3199 Jovenn
706 3094 753 3174 est
773 3096 813 3168 ad
832 3098 1034 3170 Gravitatem
1050 3103 1105 3168 Sa·
1133 3116 1136 3121 ’

124 3194 258 3265 turniin
281 3195 399 3274 Solem,
431 3198 515 3266 circa
538 3197 729 3267 Planetarum
749 3193 884 3279 istorum
903 3192 1108 3280 conjunctio·

124 3302 208 3368 nem,
227 3304 271 3361 ‘ut
289 3316 303 3360 1
322 3289 362 3362 ad
376 3315 444 3385 217
464 3292 603 3364 circiter.
630 3296 675 3363 Et
690 3293 897 3365 Gravitatum
906 3293 987 3363 Solis
1003 3294 1031 3360 in'
1049 3296 1105 3364 Sa·

125 3406 268 3477 turnum,
295 3395 328 3457 &
345 3391 438 3488 Jovis
457 3391 488 3460 in
511 3394 678 3464 Saturnum
700 3388 893 3468 differentia·
917 3387 964 3458 est
978 3386 1019 3459 ad
1038 3413 1108 3479 gra·

123 3484 256 3554 vitatem
274 3489 364 3596 Jovis
388 3490 419 3556 in
440 3470 558 3563 Solem,
578 3508 616 3557 ut
642 3512 656 3557 1
673 3483 712 3557 ad
729 3487 826 3584 1867.
881 3487 950 3558 Cui
971 3483 1108 3578 quidem

123 3576 312 3653 differentiae
333 3585 573 3679 proportionalis
590 3580 636 3654 est
660 3587 708 3655 vis
731 3587 868 3655 maxima
893 3583 1109 3679 perturbatrix

125 3679 254 3747 Saturni
276 3681 307 3748 in
333 3685 458 3776 Iovem.
509 3678 611 3752 Unde
638 3681 834 3774 perturbatio
859 3682 946 3753 orbis
972 3683 1109 3785 Jovialis

122 3775 218 3873 longe
232 3775 337 3849 minor
351 3775 397 3850 est
414 3802 510 3881 quam
527 3801 563 3851 ea
577 3779 723 3852 Saturnii.
772 3780 988 3874 Reliquorum
1000 3799 1107 3944 aptent

529 3891 558 3904 “’
599 3883 609 3901 ““
715 3892 718 3897 ’
777 3897 779 3901 ”
959 3876 1107 3948 Otium
